1880 3021
777 64 1112 113 —24—

341 188 389 236 b.
427 195 530 237 τῶν
567 183 700 252 ὑπὲρ
743 193 835 237 τοῦ
878 184 1063 251 τέχνην
1105 185 1265 249 αὐτὴν
1307 181 1439 235 εἶναι
1473 186 1723 250 προφερο-

426 268 595 333 μένων
631 267 702 335 (Ρ.
733 269 814 333 29,
846 268 1061 332 14-46,
1093 265 1194 333 16).

221 343 223 345 ’
267 353 312 401 2.
350 352 477 416 πρὸς
507 348 885 415 Ἐπικουρείους

352 448 392 480 a.
429 433 549 489 τοὺς
584 425 827 494 λέγοντάς
861 431 955 494 τὴν
994 430 1326 496 ῥητορικὴν
1362 436 1453 479 τοῦ
1483 427 1575 494 μὲν
1603 429 1725 492 γρά-

426 529 544 577 φειν
587 513 773 575 λόγους
813 509 900 560 καὶ
942 509 1207 570 ἐπιδείξεις
1247 516 1509 560 ποιεῖσθαι
1543 508 1728 575 τέχνην

428 589 576 656 εἶναι,
613 600 705 643 τοῦ
743 590 799 643 δὲ
836 594 979 652 δίκας
1013 591 1181 655 λέγειν
1210 591 1294 642 καὶ
1324 593 1632 657 δημηγορεῖν
1663 590 1727 641 οὐ

429 672 614 740 τέχνην
651 691 698 737 p.
728 675 809 738 47,
842 676 902 723 17
922 691 1027 737 sqq.

342 757 393 807 b.
428 757 555 819 πρὸς
596 757 716 813 τοὺς
758 753 998 818 λέγοντας
1040 754 1201 818 αὐτὴν
1243 753 1443 819 τέχνην,
1484 753 1730 818 προσδεο-

429 834 589 899 μένην
625 832 683 883 δὲ
718 836 921 899 φύσεως
951 833 1036 884 καὶ
1064 838 1241 900 τριβῆς
1269 834 1362 884 οὐκ
1392 835 1464 892 εἰς
1490 834 1585 896 τὴν
1614 831 1729 881 ἑαυ-

430 923 518 980 τῆς
554 915 810 979 ἀνάληψιν
847 912 956 964 ἀλλ’
993 917 1066 974 είς
1099 915 1193 978 τὴν
1230 915 1491 979 ἐπιτυχίαν
1527 921 1619 963 τοῦ
1654 911 1730 962 τέ-

431 1002 554 1056 λους
590 1015 637 1061 p.
667 998 756 1061 49,
789 998 852 1046 14
868 1014 973 1061 sqq.

356 1096 394 1128 e.
431 1080 558 1144 πρὸς
599 1081 719 1137 τοὺς
755 1076 1200 1143 ἀποφαινομένους
1236 1077 1329 1127 οὐκ
1364 1073 1496 1126 εἶναι
1532 1075 1734 1142 τέχνην,

434 1165 484 1210 εἴ
523 1178 599 1218 τις
647 1162 924 1224 προείληφε
973 1158 1157 1223 τέχνην
1205 1160 1298 1222 τὴν
1344 1160 1400 1208 τὸ
1451 1159 1733 1221 μεθοδικὸν

436 1242 654 1306 ἔχουσαν
696 1238 781 1289 καὶ
821 1237 1029 1303 ἑστηκὸς
1061 1239 1374 1304 παράδοσιν,
1416 1239 1464 1287 εί
1498 1235 1554 1287 δὲ
1588 1242 1738 1287 καλεῖ

435 1321 519 1371 καὶ
561 1322 653 1384 τὴν
699 1321 943 1386 ὁλοσχερῆ
980 1323 1331 1385 παρατήρησιν
1367 1320 1460 1382 τὴν
1497 1322 1731 1384 στοχαζο-

436 1401 596 1467 μένην
638 1408 731 1451 τοῦ
773 1402 842 1459 ὡς
885 1399 966 1450 ἐπὶ
1008 1403 1065 1450 τὸ
1108 1402 1240 1450 πολὺ
1276 1398 1361 1449 καὶ
1395 1400 1520 1449 κατὰ
1555 1400 1612 1449 τὸ
1649 1400 1733 1448 εὔ-

436 1486 609 1545 λογον,
647 1480 830 1546 τέχνην
866 1478 997 1530 εἶναι
1032 1499 1080 1544 p.
1110 1481 1191 1543 53,
1219 1481 1371 1544 5sqq.

358 1563 401 1612 d.
438 1564 565 1629 πρὸς
613 1564 733 1621 τοὺς
782 1564 945 1627 μόνον
994 1561 1316 1627 ἀντιφώνους
1368 1565 1565 1627 σχολῶν
1615 1561 1737 1618 τοὺς

436 1645 922 1708 ὑπομνηματισμοὺς
972 1642 1411 1708 ἀναγράψανταςῙ)
1460 1660 1508 1705 Ρ.
1546 1642 1633 1704 57,
1668 1642 1734 1690 23

444 1725 590 1788 -60,
623 1726 698 1773 11.

363 1823 401 1854 e.
438 1808 565 1868 πρὸς
585 1807 816 1869 Βρόμιον
845 1809 1017 1853 contra
1045 1804 1252 1867 Epicuri
1282 1803 1578 1853 sententiam
1605 1806 1736 1851 stan-

440 1889 543 1935 tem
579 1903 626 1949 p.
659 1886 739 1949 64,
771 1875 986 1949 11—68,
1018 1887 1060 1934 1.

612 1984 672 2033 H.
725 1986 1078 2049 Φιλοδήμου
1116 1985 1312 2049 δόξαι,

178 2093 305 2140 quae
343 2079 581 2139 quattuor
616 2072 866 2136 capibibus
901 2072 1233 2122 illustrantur:

284 2173 324 2205 a.
361 2154 511 2221 τέχνη
542 2156 597 2204 τί
620 2152 818 2217 λέγεται
846 2154 972 2203 κατὰ
1001 2155 1094 2218 τὴν
1119 2155 1420 2217 συνήθειαν,
1448 2152 1739 2216 ὑπομνῆσαι

290 2288 292 2291 ,
362 2236 589 2301 βραχέως
631 2235 716 2298 (οὐ
758 2236 855 2297 γὰρ
900 2237 1027 2299 ἄλλῃ
1069 2236 1130 2283 τὰ
1165 2233 1378 2299 ἡμέτερα
1415 2236 1520 2282 ἔστι
1556 2229 1737 2292 δεῖξαι)

361 2335 409 2381 p.
441 2318 520 2380 68,
551 2316 733 2379 1—77,
762 2315 841 2364 26.

292 2426 332 2474 1)
362 2421 550 2463 Additur
577 2435 619 2474 p.
644 2424 708 2472 60,
741 2424 921 2473 11-64,
954 2425 1005 2462 10
1035 2420 1089 2461 de
1117 2420 1299 2473 politica.
1329 2416 1581 2471 dispubatio,
1611 2426 1738 2467 quam

179 2503 309 2532 nemo
332 2489 422 2531 fere
444 2489 682 2542 Epicureus
705 2490 843 2530 arbem
866 2500 959 2529 esse
983 2489 1162 2539 statuat,
1193 2488 1237 2529 et
1259 2487 1312 2529 de
1335 2484 1607 2538 quibusdam,
1630 2492 1740 2534 quae

179 2558 290 2600 rhet.
324 2556 490 2598 artibus
518 2556 803 2608 intercedant,
835 2554 1102 2608 differentiis,
1132 2555 1186 2596 de
1209 2554 1366 2606 quibus
1388 2564 1614 2606 perperam
1634 2560 1739 2589 non·

178 2625 291 2666 nulli
319 2624 579 2666 iudicarunt.

1500 2985 1502 2987 ,
1780 2749 1872 3021 ,1
