1880 3021
750 105 1106 153 7-13—

265 232 339 281 De
383 244 575 293 papyro
616 226 748 275 1004
785 249 848 265 =
885 224 975 274 ΠΙ2
1019 225 1101 274 fol.
1136 225 1414 274 llo—209
1459 224 1554 272 hoo
1596 221 1722 273 Nea-

165 310 375 378 politani
403 310 456 358 in
481 307 641 356 indice
664 305 969 354 adscribunt:
997 306 1172 370 „huius
1193 305 1457 354 voluminis
1479 304 1721 370 pagellae,

165 396 216 443 in
244 392 426 456 quibus
447 388 574 438 nihil
595 388 697 436 fere
720 386 917 451 legitur,
946 387 1200 452 neglectae
1224 388 1440 451 fuerunt,
1470 386 1528 435 de
1553 403 1722 435 earum

166 489 367 524 numero
412 472 608 518 tantum
642 467 833 515 ratione
869 467 1081 516 habita‘fi
1152 467 1219 516 Et
1255 485 1370 516 vero
1406 468 1613 516 miserae
1649 468 1720 516 la-

165 555 319 604 ciniae
356 555 485 613 sunt,
522 565 645 612 quae
683 552 881 596 eentum
909 549 1041 596 foliis
1070 552 1431 612 proponuntur,
1467 565 1579 597 cum
1609 553 1720 597 ooto

165 633 388 699 paginae,
418 647 539 695 quas
561 628 715 694 Angli
746 628 1089 693 depinxerunt,
1118 630 1260 678 facile
1290 629 1485 693 possint
1508 629 1719 678 restitui.

191 832 264 872 De
300 830 480 870 textus
515 825 863 876 voluminum,
901 826 1072 877 qualis
1109 825 1232 866 olim
1268 826 1429 868 fuisse
1465 826 1691 877 videtur,

634 907 803 949 forma
841 908 894 949 et
929 906 1248 950 condicione.

265 1009 380 1058 Non
408 1008 589 1056 mirum
619 1011 693 1055 est
722 1007 774 1055 in
802 1007 881 1055 his
911 1007 1183 1056 combustis
1212 1008 1417 1071 papyris
1444 1008 1722 1056 litterarum

165 1090 375 1155 vestigia
403 1089 552 1137 nimis
582 1088 732 1137 dubia
762 1092 811 1137 et
839 1089 972 1137 fluxa
1002 1106 1119 1137 esse.
1177 1089 1362 1137 Tamen
1391 1089 1476 1152 qui
1506 1089 1722 1152 primum

163 1173 283 1219 haee
311 1170 561 1218 volumina
592 1169 841 1233 evolverit,
876 1187 938 1218 ne
969 1170 1304 1234 suspicabitur
1333 1170 1543 1236 quidem,
1574 1187 1721 1235 quam

164 1254 350 1301 ineerta
384 1252 464 1300 via
500 1252 785 1300 emendator
819 1252 1024 1301 incedat.
1084 1252 1224 1310 Quod
1259 1253 1388 1301 eadit
1424 1253 1636 1301 maxime
1670 1253 1722 1300 in

166 1335 443 1399 fragmenta
478 1332 590 1380 voll.
620 1330 881 1381 V12—XI2.

265 1414 549 1477 Proponam
586 1430 623 1461 e.
655 1431 700 1478 g.
729 1413 795 1462 V2
825 1414 906 1462 fol.
940 1415 1024 1477 83,
1061 1415 1117 1462 fr.
1153 1417 1228 1463 12.

450 1507 501 1557 N
503 1524 607 1571 eap.
1239 1507 1393 1558 Oxon.

163 1590 831 1653 ..δυ...περια.λοι..τ
983 1620 1044 1625 -
1083 1594 1396 1639 τολε.εινκοε

164 1709 173 1719 .
201 1709 208 1717 .
232 1688 285 1718 τε
309 1709 318 1717 .
343 1708 352 1717 .
375 1688 438 1718 κα
461 1709 470 1718 .
495 1682 589 1718 σου
612 1708 622 1717 .
645 1688 745 1717 vva
767 1707 776 1718 .
802 1688 833 1717 α
986 1699 1040 1704 --
1083 1676 1380 1733 γινορθωσα

166 1788 175 1798 .
203 1789 211 1799 .
235 1789 244 1799 .
270 1762 370 1814 μασ
393 1790 402 1798 .
427 1789 436 1798 .
459 1750 681 1813 υδεανση
706 1788 715 1798 .
741 1789 750 1798 .
775 1789 784 1798 .
987 1780 1044 1786 -
1083 1740 1229 1801 Ᾰεοδιζ
1254 1791 1264 1801 .
1289 1792 1297 1800 .
1321 1757 1518 1816 γεσθαᾷ

164 1869 173 1878 .
199 1871 207 1879 .
232 1870 241 1879 .
266 1870 275 1879 .
299 1847 467 1880 τινοιπ
491 1871 499 1879 .
523 1869 533 1879 .
558 1869 569 1880 .
593 1870 602 1879 .
627 1849 653 1879 ο
677 1868 687 1879 .
712 1849 743 1878 α
766 1869 775 1879 .
800 1870 809 1879 .
834 1869 843 1878 .
986 1863 1045 1867 -
1085 1851 1428 1896 νειναικαταγι

167 1949 176 1959 .
201 1951 210 1959 .
235 1950 244 1960 .
270 1951 279 1960 .
303 1930 360 1961 soc
382 1951 392 1961 .
415 1926 610 1961 τωντοσ
632 1951 641 1961 .
665 1928 766 1976 pom
789 1951 799 1961 .
985 1944 1047 1948 ——
1084 1915 1471 1980 ησὸιαλεκτικησ

164 2031 310 2042 .....
336 2012 388 2042 αι
410 2032 419 2042 .
442 2012 578 2043 τωνοε
601 2032 610 2042 .
633 1998 725 2041 θια
749 2032 757 2041 .
991 2024 1044 2029 -
1087 1996 1336 2045 δενειστοι
1359 2035 1369 2045 .
1393 2001 1464 2046 λω

166 2110 337 2122 .....
368 2092 401 2122 υ
432 2114 441 2122 .
474 2114 482 2123 .
515 2092 564 2123 ιν
596 2114 603 2122 .
635 2074 822 2123 οδευκα
848 2071 890 2220 .}
988 2104 1044 2110 ——
1085 2094 1387 2140 υνεργουντι
1411 2117 1419 2126 .
1445 2118 1453 2126 .
1478 2091 1620 2127 εσικα

164 2190 175 2200 .
204 2192 212 2201 .
246 2172 337 2202 υνε
375 2193 384 2201 .
416 2193 425 2202 .
461 2172 522 2202 τοι
558 2192 857 2204 ........

165 2271 175 2281 .
200 2273 208 2281 .
234 2273 243 2282 .
268 2273 276 2282 .
300 2254 332 2283 v
357 2273 502 2285 .....
526 2248 694 2286 τοισεν
718 2276 727 2285 .
752 2276 761 2285 .
989 2266 1045 2272 -
1084 2243 1523 2302 υντοισομοιοισελ
1547 2279 1557 2289 .

165 2353 309 2364 .....
337 2328 387 2364 σι
410 2356 418 2365 .
442 2335 508 2366 voc
531 2357 540 2367 .
563 2323 730 2367 καθοσ
754 2358 762 2367 .
789 2336 845 2367 νε
989 2348 1044 2353 -
1086 2321 1273 2378 ιζεινκα
1295 2359 1304 2368 .
1330 2325 1526 2370 αθοσον

166 2433 175 2443 .
202 2434 211 2443 .
235 2401 453 2460 ναλεγοσ
476 2438 485 2447 .
508 2417 602 2448 vav
626 2438 636 2448 .
658 2418 714 2448 το
985 2429 1047 2434 -
1087 2402 1353 2463 ὃιαλεγεσσ
1376 2441 1386 2450 .
1409 2421 1593 2452 ταυτοτ

166 2514 174 2522 .
199 2515 208 2524 .
233 2515 243 2525 .
267 2482 704 2544 αταβραχυλιτεινι
728 2520 736 2530 .
761 2521 770 2529 .
988 2510 1043 2515 —
1085 2484 1378 2547 χταβραχυμ
1402 2522 1411 2531 .
1435 2502 1523 2533 ατο

268 2570 362 2620 Sed
378 2574 527 2623 etiam
542 2575 594 2624 in
608 2575 819 2639 pristino
836 2578 977 2624 textu
993 2575 1167 2624 menda
1183 2576 1383 2626 fuerunt
1399 2577 1557 2644 (velut
1575 2580 1652 2643 51,
1672 2584 1719 2644 13

168 2653 191 2698 1
201 2653 229 2701 8
237 2654 278 2716 7,
290 2655 342 2718 43
362 2656 423 2704 21
434 2658 476 2720 1,
492 2659 516 2705 1
525 2654 591 2722 8),
608 2674 905 2721 quamquam
921 2674 1119 2721 perrara
1136 2657 1559 2722 deprehendimus.
1589 2661 1719 2711 Nam
