1880 3021
789 128 1090 174 ..7,-

164 251 313 317 primi
349 251 447 298 iam
476 249 529 297 in
558 248 806 297 officinam
834 247 984 297 missa
1013 251 1129 297 erat.
1181 247 1314 306 Quae
1343 251 1522 311 tamen,
1559 247 1724 311 quoad

166 331 328 398 potui,
372 328 559 379 contuli
601 331 837 377 accurate.
907 327 990 377 Fit
1033 328 1184 394 enim,
1226 332 1283 378 ut
1319 329 1398 379 vel
1434 328 1721 378 acutissimo

166 412 309 463 oculo
346 414 396 460 et
431 410 621 474 optima
655 409 763 458 luce
800 409 996 475 singula
1026 410 1127 475 legi
1155 427 1256 459 non
1284 411 1492 474 possint,
1529 427 1641 459 cum
1671 414 1723 458 et

166 493 449 543 tabularum
484 489 813 555 perspicuitas
850 490 970 539 satis
1005 491 1071 540 sit
1108 491 1311 555 diversa,
1350 495 1401 540 et
1436 508 1560 555 quae
1597 508 1723 540 mar-

166 574 273 640 gini
322 573 545 623 subiecta
595 588 741 636 saepe
791 576 1052 637 apparent,
1100 573 1208 622 luce
1259 572 1514 622 deficiente
1564 590 1721 637 paene

167 656 507 705 obliterentur.
584 652 885 718 Accedebat,
935 654 1068 717 quod
1110 652 1388 718 Gomperzii
1432 655 1723 720 apographa

167 737 289 786 satis
325 738 548 785 accurate
585 734 814 783 instituta
849 734 986 783 illinc
1014 751 1115 783 non
1142 752 1442 801 magnopere
1470 735 1722 785 emendari

165 818 408 880 videbam,
443 815 634 865 minora
668 819 834 864 autem
868 815 1005 864 velut
1033 821 1082 864 A
1112 819 1161 864 et
1190 820 1237 865 A
1273 816 1373 865 sive
1403 820 1452 866 Γ
1475 821 1524 865 61
1561 820 1607 865 T
1635 817 1723 865 im-

168 901 385 947 mutatae
429 896 721 964 plerumque
764 896 920 945 multo
957 899 1070 944 ante
1107 896 1509 959 expediebantur.
1583 898 1723 946 Gom-

168 978 539 1028 memorandum
583 977 792 1041 denique
836 977 956 1026 duas
999 993 1218 1040 papyros
1261 980 1454 1040 partem
1495 977 1612 1025 libri
1653 995 1723 1026 se-

169 1059 315 1109 cundi
359 1062 408 1108 et
449 1061 641 1123 partem
684 1058 848 1123 quarti
892 1057 1201 1107 continentes
1237 1057 1335 1107 iam
1375 1058 1506 1108 1825
1543 1057 1723 1108 Oxonii

167 1141 221 1189 in
238 1141 679 1190 Herculanensium
689 1140 1013 1190 Voluminum
1028 1144 1164 1190 tomo
1179 1140 1228 1189 H
1243 1133 1290 1204 p.
1307 1143 1434 1190 1—-1
1444 1143 1506 1191 16
1522 1142 1724 1205 publice

168 1222 451 1286 propositas
488 1240 604 1272 esse.
1373 1237 1380 1242 ·

269 1303 401 1352 Ante
443 1304 570 1352 hanc
613 1304 878 1353 editionem
921 1304 1019 1353 iam
1054 1304 1168 1353 Itali
1204 1307 1398 1353 textum
1434 1303 1485 1352 in
1520 1304 1725 1353 volumi-

166 1384 316 1433 nibus
360 1385 663 1434 collectionis
706 1385 885 1449 prioris
920 1385 1263 1435 restituebant.
1336 1385 1554 1444 Quorum
1594 1403 1725 1434 men-

167 1466 355 1514 tionem
397 1484 597 1530 perraro
642 1471 691 1515 et
732 1484 888 1530 paene
927 1484 1180 1530 nunquam
1215 1468 1329 1531 feci,
1374 1468 1489 1530 quia
1523 1467 1724 1532 linguae

170 1546 380 1597 Graecae
429 1565 530 1597 non
580 1548 701 1598 satis
743 1548 884 1614 gnari
928 1566 1118 1598 summa
1161 1549 1213 1598 in
1257 1548 1513 1613 explendis
1555 1549 1724 1597 verbis

167 1628 367 1677 licentia
410 1630 486 1677 usi
530 1633 657 1678 sunt.
728 1630 915 1678 Textus
959 1630 1089 1678 enim
1125 1631 1237 1678 inde
1274 1647 1303 1678 a
1338 1630 1587 1678 locutione
1623 1630 1723 1678 Ho-

169 1708 350 1758 merica
399 1726 554 1773 usque
604 1710 665 1758 ad
708 1710 1112 1759 consuetudinem
1152 1710 1479 1775 Byzantinam
1530 1711 1724 1775 quidvis

167 1791 553 1854 comprehendit.
608 1791 714 1841 Nec
741 1809 856 1840 vero
885 1792 1129 1841 feliciores
1157 1793 1357 1841 fuerunt
1385 1793 1438 1840 in
1467 1793 1727 1841 sententiis

169 1872 472 1937 indagandis.
558 1873 798 1931 Quoniam
854 1876 1020 1922 tamen
1075 1890 1244 1922 verum
1301 1874 1353 1923 in
1402 1874 1497 1923 hoc
1546 1891 1727 1939 genere

170 1953 460 2001 emendandi
517 1954 628 2016 ipso
685 1970 832 2017 saepe
891 1954 1072 2002 obtutu
1130 1958 1186 2002 et¹
1228 1954 1465 2003 felicitate
1516 1956 1728 2018 quadam

169 2033 300 2081 oculi
341 2051 442 2082 non
483 2034 646 2084 minus
689 2052 837 2098 quam
873 2035 1135 2083 scrutando
1171 2035 1438 2099 invenitur,
1475 2036 1573 2099 ipsi
1610 2053 1727 2099 quo-

169 2131 265 2178 que
323 2132 411 2164 sua
466 2115 646 2180 ἕρμαια
701 2116 900 2164 habent.
981 2115 1154 2179 Itaque
1212 2115 1440 2179 quotiens
1497 2133 1575 2164 me
1627 2117 1727 2164 illis

170 2195 427 2259 quidpiam
484 2196 661 2245 debere
718 2196 1018 2259 iudicabam,
1076 2197 1169 2245 hoc
1218 2196 1271 2244 in
1321 2197 1728 2246 adnotationibus

171 2277 562 2326 commemoravi.

272 2358 473 2407 Partem
514 2358 632 2407 libri
677 2358 839 2422 quarti
883 2376 943 2406 ex
987 2357 1257 2406 Oxoniensi
1301 2358 1530 2421 exemplo
1574 2359 1729 2407 edidit

168 2439 453 2493 Leonardus
489 2439 707 2505 Spengel
750 2440 802 2488 in
842 2440 963 2489 Abla.
999 2442 1081 2489 der
1116 2439 1314 2490 Miinck.
1349 2440 1504 2490 Acad.
1576 2440 1725 2490 Phil.-

171 2519 277 2570 hist.
311 2520 385 2570 Ol.
415 2520 499 2585 IH,
531 2524 556 2570 1
599 2522 728 2571 1837
760 2538 807 2585 p.
831 2522 1121 2571 207-303..
1170 2519 1219 2569 Is
1257 2537 1556 2585 quamquam
1593 2538 1731 2587 saga-

170 2601 366 2651 cissime
403 2602 619 2666 plurima
654 2602 887 2668 absolvit,
923 2606 1089 2651 tamen
1126 2602 1259 2666 quod
1295 2602 1567 2667 exemplari
1603 2602 1729 2652 Nea·

169 2683 394 2745 politano
430 2684 649 2733 nondum
685 2684 759 2733 uti
795 2687 1007 2748 poterat,
1040 2684 1279 2733 nonnulla
1315 2684 1590 2748 supplenda
1620 2683 1730 2731 reli-
