1880 3021
789 159 1090 206 —9—

162 282 432 352 ῥητορικὴν
460 279 695 330 videatur.
732 277 1013 328 Inauditum
1037 282 1125 343 est,
1151 280 1281 344 quod
1303 297 1350 343 p.
1378 279 1488 344 185,
1512 279 1713 328 24——26

160 365 361 431 legitur:
410 361 640 426 καθάπερ
684 359 780 423 ἐγὼ
825 357 918 424 μὲν
961 361 1155 411 τούτων
1196 362 1359 410 πολλὰ
1394 361 1594 424 κάγαθὰ
1630 376 1715 408 πε-

160 441 326 509 ποίηκ’
375 443 526 500 αὐτὸς
576 441 662 506 (sc.
707 440 885 501 λέξεως
925 440 1208 508 καχεξίαςὲ).
1279 442 1496 490 Litterae
1547 444 1715 489 tamen

161 542 388 590 magnae,
430 522 687 586 pulchrae,
732 522 989 571 distinctae
1034 526 1169 586 sunt,
1211 523 1264 571 in
1300 522 1340 571 Ο
1384 526 1550 571 autem
1593 522 1714 570 satis

161 607 453 669 discrepant.
525 603 621 653 Sed
666 602 892 668 graviora
934 603 1220 652 adscribam.
1293 603 1580 667 Quicunque
1623 602 1714 651 XF

161 688 242 736 fol.
276 685 542 749 1267-128
588 684 881 748 inspexerit,
924 701 1048 748 quae
1085 685 1282 748 quidem
1318 685 1438 733 folia
1474 684 1713 733 continui·

160 767 278 817 tatis
322 766 538 831 speciem
579 766 843 829 praebent,
884 782 985 814 non
1021 766 1163 815 facile
1200 766 1258 814 de
1295 766 1712 815 contaminatione

161 847 508 912 suspicabitur.
586 845 825 895 Attamen
869 846 977 895 folii
1027 848 1123 896 126
1170 864 1285 910 pars
1332 847 1557 911 superior
1603 864 1712 895 con-

160 930 295 996 gruit
332 945 443 977 cum
479 945 591 992 pag.
624 929 653 977 9
692 927 796 976 eius
825 927 1103 991 voluminis,
1141 928 1272 991 quod
1300 927 1414 993 περὶ
1445 929 1714 993 ῥητορικῆς

160 1010 575 1073 ὑπομνηματικὸν
617 1008 927 1072 inscribitur,
973 1025 1088 1072 pars
1132 1008 1335 1056 inferior
1377 1026 1488 1057 cum
1530 1009 1712 1071 ὑπομν.

160 1108 272 1156 pag.
324 1090 374 1139 5!
431 1089 650 1153 itemque
700 1088 808 1138 folii
862 1090 957 1139 128
1008 1106 1123 1153 pars
1173 1089 1399 1153 superior
1448 1089 1714 1153 respondet

159 1173 342 1236 ὑπομν.
378 1188 489 1236 pag.
522 1173 604 1234 11,
640 1187 756 1234 pars
792 1170 996 1219 inferior
1032 1171 1214 1235 ὑπομν.
1251 1158 1364 1236 pag.
1399 1172 1482 1220 10!

262 1252 469 1316 Saepius
513 1251 710 1317 accidit,
752 1255 808 1300 ut
844 1252 1122 1317 fragmenta
1158 1269 1319 1301 errore
1357 1252 1435 1301 bis
1474 1252 1713 1301 describe-

158 1336 341 1382 rentur.
413 1332 647 1381 Conferas
684 1349 865 1396 quaeso

314 1412 430 1462 VII2
465 1413 547 1462 fol.
579 1415 658 1478 38,
693 1414 749 1462 fr.
782 1415 811 1463 6
883 1418 932 1462 et
1001 1413 1116 1463 VII2
1152 1414 1235 1463 fol.
1265 1416 1345 1477 42,
1381 1414 1437 1462 fr.
1472 1416 1546 1463 12.

404 1508 542 1545 αισιν
1114 1515 1144 1545 κ
1166 1534 1176 1545 .
1201 1536 1211 1546 .
1235 1536 1245 1546 .
1271 1497 1389 1545 dvm

403 1590 565 1626 ιτιστα
1112 1591 1254 1627 nova

402 1676 484 1721 εγε
508 1696 518 1707 .
541 1678 574 1707 υ
1108 1678 1213 1722 ayo
1236 1696 1248 1709 .
1271 1679 1303 1708 v

403 1753 594 1789 ονακασ
1108 1746 1266 1791 οναλα

402 1823 632 1871 marcado
1107 1835 1303 1872 παστασ

402 1920 590 1969 νπαραι
1103 1918 1336 1970 ammoneo

404 1986 606 2033 ονεπιδε
1101 1987 1314 2034 ωνεπιδε

402 2067 648 2116 τωνειὸοσ
1099 2069 1352 2116 τωνσιόοσ

403 2159 675 2212 τουσηστιν
1099 2161 1316 2212 ουσηστο

401 2231 659 2280 ’κυδαινει
1095 2231 1381 2279 ’κυδαινθα

401 2328 686 2361 καιταυτειν
1095 2327 1274 2360 καιταυ
1298 2348 1308 2359 .
1332 2329 1363 2372 ²!

257 2394 357 2443 Vix
404 2393 580 2442 melius
631 2409 779 2456 quam
826 2393 920 2441 hoc
970 2393 1196 2456 exemplo
1247 2392 1485 2440 illustrari
1536 2393 1711 2455 possit,

157 2490 305 2537 quam
340 2473 528 2522 incerta
557 2490 801 2538 quamque
832 2473 999 2539 exigui
1028 2472 1177 2537 pretii
1206 2472 1325 2521 talia
1355 2473 1468 2537 sint,
1506 2490 1618 2522 cum
1646 2491 1709 2522 ne

156 2572 283 2603 unus
320 2555 518 2618 quidem
553 2572 723 2603 versus
752 2556 898 2619 plane
929 2558 1179 2619 congruat.
1238 2554 1334 2603 Sed
1362 2555 1519 2603 multo
1550 2556 1710 2620 magis

157 2636 468 2701 admiramur,
505 2636 636 2700 quod
671 2654 719 2700 p.
749 2637 862 2700 225,
898 2636 986 2685 ubi
1023 2637 1079 2685 fr.
1114 2638 1137 2686 1
1179 2639 1227 2685 et
1265 2637 1297 2686 5
1334 2636 1562 2686 similiter
1599 2654 1707 2685 con-

155 2722 354 2784 gruunt,
392 2718 602 2768 alterum
631 2718 842 2767 mediam
872 2722 1065 2782 partem
1095 2718 1320 2784 paginae,
1357 2719 1566 2767 alterum
1597 2718 1708 2765 dex-
