1880 3021
801 114 1143 162 —12—

183 234 386 285 discissa
437 238 523 284 est.
600 233 732 285 Nam
776 252 889 284 cum
932 235 999 284 24
1043 234 1256 300 paginae
1302 234 1526 284 evolutae
1571 239 1748 299 essent,

183 316 316 365 bello
375 316 709 366 intercedente
769 332 895 380 opus
953 316 1191 365 omissum
1249 319 1324 366 est
1374 315 1524 384 (anno
1580 314 1746 383 1799).

183 398 403 462 Cumque
447 399 540 446 hae
585 400 651 447 24
687 398 900 463 paginae
939 398 1088 446 nimis
1126 398 1417 446 dilaceratae
1455 398 1576 461 sint,
1620 415 1745 462 quae

180 479 350 543 paullo
394 483 511 543 post
556 479 780 529 evolutae
825 483 940 528 sunt
984 479 1195 545 paginae
1231 481 1300 529 44
1342 479 1599 545 egregium
1641 483 1744 529 tex-

180 564 289 608 tum
341 561 594 609 exhibent.
678 560 736 608 In
787 577 885 624 quo
937 564 1311 624 peropportune
1362 560 1560 625 accidit,
1613 562 1746 626 quod

178 641 334 707 Angli
384 643 512 690 hanc
561 645 757 705 partem
807 642 1175 705 descripserunt
1224 642 1312 708 (=
1346 642 1488 690 Herc.
1518 642 1647 690 Voll.
1684 642 1745 706 H,

179 741 226 786 p.
265 721 467 789 1—45).
539 721 849 788 Quamquam
893 723 1024 772 enim
1067 740 1244 787 parum
1280 723 1544 789 diligenter
1578 723 1631 772 in
1667 724 1743 772 de-

180 804 441 853 scribendo
464 805 646 853 versati
677 808 808 869 sunt,
835 808 1002 853 tamen
1032 805 1215 854 multas
1245 805 1501 854 schedulas
1531 805 1743 870 margini

180 885 483 951 adiecerunt,
521 903 646 950 quae
683 886 736 934 in
770 885 821 936 N
857 886 1048 935 desunt.

281 967 510 1030 Papyrus
550 969 680 1017 1669
720 968 972 1031 quintum,
1017 985 1163 1031 quem
1200 968 1366 1031 posui,
1409 968 1595 1016 librum
1633 985 1741 1016 con-

179 1048 308 1097 tinet
333 1073 398 1088 =
420 1048 488 1097 V1
516 1049 548 1097 f.
575 1050 753 1099 1—67.
798 1048 973 1098 Partes
1004 1049 1221 1098 eiusdem
1250 1049 1432 1113 papyri
1463 1066 1568 1098 esse
1599 1049 1741 1097 credo

176 1146 291 1192 pap.
316 1131 417 1178 220
441 1154 504 1168 =
528 1128 619 1177 VI2
649 1130 732 1177 fol.
760 1131 1026 1179 188—199
1059 1133 1109 1177 et
1138 1148 1185 1193 p.
1212 1131 1359 1193 1078,
1391 1131 1523 1179 1080
1547 1128 1742 1178 =V112

176 1210 259 1259 fol.
287 1211 569 1261 161—185.
612 1211 798 1275 Papyri
825 1212 954 1260 1078
980 1214 1029 1260 et
1055 1213 1187 1260 1080
1209 1212 1489 1276 fragmenta
1508 1211 1741 1274 Neapoli—

175 1291 281 1338 tani
304 1292 523 1340 numeris
542 1294 707 1342 1-32
727 1292 1086 1356 inscripserunt
1107 1296 1345 1356 tanquam
1367 1293 1512 1341 unius
1529 1293 1740 1355 chartae,

174 1376 308 1420 recte
353 1373 457 1421 sine
503 1373 668 1422 dubio.
739 1374 913 1437 Itaque
956 1374 1035 1422 his
1073 1374 1347 1423 coniunctis
1383 1378 1483 1422 tres
1520 1390 1740 1436 papyros

173 1453 431 1517 habemus,
468 1454 547 1502 vel
583 1454 752 1517 potius
788 1457 889 1502 tres
925 1454 1071 1503 unius
1107 1454 1287 1517 papyri
1317 1457 1496 1517 partes.
1559 1453 1740 1502 Forma

172 1533 453 1582 litterarum
490 1534 638 1598 plane
677 1535 846 1583 eadem
883 1538 977 1599 est,
1015 1539 1208 1583 constat
1243 1535 1394 1598 ratio,
1431 1534 1472 1583 si
1508 1551 1738 1583 versuum

172 1632 448 1680 numerum,
479 1616 563 1679 qui
587 1619 661 1664 est
685 1615 1026 1681 quadraginta,
1056 1619 1329 1679 computas,
1359 1619 1565 1678 constat,
1596 1616 1637 1664 si
1658 1616 1738 1664 lit-

172 1699 392 1744 terarum
428 1697 477 1745 in
510 1696 720 1761 singulis
748 1696 974 1745 versibus
1003 1713 1263 1745 numerum
1292 1696 1511 1760 respicis,
1548 1696 1632 1759 qui
1662 1700 1738 1745 est

174 1777 528 1842 duodeviginti.
586 1778 709 1825 Erat
745 1778 866 1825 haec
903 1778 1062 1826 omnis
1098 1795 1334 1841 papyrus,
1371 1778 1502 1841 quod
1538 1778 1736 1841 quidem

173 1875 233 1906 ex
279 1858 521 1922 exemplis
555 1858 903 1922 Neapolitanis
941 1858 1173 1923 conicias,
1211 1876 1312 1907 non
1348 1858 1452 1907 sine
1490 1859 1736 1924 elegantia

173 1940 385 2002 quadam
423 1943 473 1987 et
509 1939 774 2004 diligenter
810 1939 1102 2002 conscripta.
1173 1938 1231 1987 In
1267 1941 1332 1989 32
1369 1940 1616 1989 continuis
1652 1959 1735 2004 pa-

171 2020 303 2084 ginis
342 2037 538 2083 semper
573 2020 772 2067 initium
809 2024 859 2067 et
894 2020 1008 2068 finis
1046 2021 1234 2085 desunt,
1270 2021 1430 2068 media
1466 2021 1585 2068 folia
1615 2021 1734 2069 satis

171 2100 326 2149 vastis
361 2100 551 2149 lacunis
587 2101 747 2148 lacera
784 2104 911 2148 sunt.
969 2100 1123 2164 Angli
1158 2101 1285 2148 hanc
1314 2117 1510 2163 quoque
1540 2105 1733 2164 partem

172 2181 561 2247 descripserunt,
605 2181 733 2230 unde
769 2181 820 2232 N
854 2198 955 2231 non
992 2181 1163 2246 paucis
1199 2180 1320 2230 locis
1355 2181 1433 2230 vel
1470 2181 1735 2247 corrigitur

171 2264 251 2311 vel
288 2264 581 2327 completur.

270 2344 469 2411 Papyro
504 2345 635 2395 1015
673 2370 737 2386 =
767 2344 835 2395 V2
865 2346 897 2394 f.
923 2346 1159 2395 77-152
1195 2345 1238 2394 is
1273 2344 1402 2394 liber
1438 2344 1733 2409 continetur,

168 2443 316 2490 quem
345 2431 486 2476 sexto
509 2427 618 2475 loco
642 2427 801 2490 posui.
837 2426 1049 2476 Videtur
1070 2426 1417 2492 neglegentius
1440 2425 1733 2489 conscripta,

168 2508 209 2556 si
254 2508 534 2556 litterarum
584 2508 794 2556 formam
841 2508 1059 2571 respicis.
1137 2508 1399 2556 Praeterea
1448 2506 1730 2570 exemplum

165 2588 557 2653 Neapolitanum
587 2589 706 2638 satis
729 2590 1020 2638 mendosum
1044 2593 1131 2654 est,
1161 2591 1381 2653 praestat
1402 2588 1732 2653 apographon

165 2669 467 2734 Oxoniense,
505 2670 637 2734 quod
674 2674 722 2718 et
758 2671 1033 2720 accuratius
1071 2674 1120 2720 et
1156 2669 1358 2720 uberius
1397 2673 1482 2719 est.
