1880 3021
11 2781 105 3021 1

796 110 1126 159 „25-

214 264 216 266 ·
283 239 329 287 b.
366 236 460 299 τὴν
482 231 785 297 σοφιστικὴν
811 230 1084 296 ῥητορικὴν
1104 230 1287 297 τέχνην
1308 230 1587 296 λεγομένην
1606 231 1745 295 παρὰ

367 324 474 373 τοῖς
502 312 770 378 ἀνδράσιν,
805 310 923 362 καθ’
953 312 1044 371 οὓς
1070 317 1473 378 φιλοσοφοῦμεν,
1509 311 1565 362 ἐκ
1585 314 1742 376 μεθό-

369 398 465 446 δου
509 396 598 444 καί
631 411 769 451 τινος
802 402 906 442 τῶν
942 397 1205 458 στοιχείων
1239 395 1569 458 παραδόσεως
1603 412 1743 457 γινο-

369 475 547 541 μένην,
575 471 704 538 μηδὲ
731 475 858 538 πρὸς
886 473 1136 535 ἀλλήλους
1162 475 1293 537 ἡμᾶς
1314 475 1497 533 αὐτοὺς
1516 473 1601 524 καὶ
1622 476 1745 532 τοὺς

367 552 776 623 προλεγομένους
811 552 1126 621 διεστῶταςῑ)
1168 572 1215 619 p.
1248 556 1326 621 77,
1355 556 1625 620 26-122,
1661 555 1743 605 25.

171 624 174 627 .
208 712 210 714 Ι
292 659 329 690 o.
366 637 451 689 καὶ
491 639 549 687 τὸ
592 637 686 700 τὴν
729 636 1030 701 σοφιστικὴν
1063 635 1178 701 περὶ
1213 634 1305 700 μὲν
1341 639 1509 700 λόγων
1545 638 1743 701 γραφὰς

369 717 454 770 καὶ
504 715 770 776 ἐπιδείξεις
809 715 992 782 τέχνην
1037 713 1193 780 εἶναι,
1241 716 1356 783 περὶ
1399 715 1456 767 δὲ
1498 719 1555 768 τὸ
1600 720 1745 776 δίκας

373 798 541 862 λέγειν
569 796 656 847 καὶ
684 799 992 862 δημογορεῖν
1022 797 1116 846 οὐκ
1144 794 1275 847 εἶναι
1303 797 1533 864 τέχνηνΞ)
1563 816 1611 862 p.
1631 800 1746 861 122,

371 880 621 942 25-136,
651 879 730 927 20.

287 963 329 1011 d.
366 963 439 1010 ἔτι
473 961 530 1009 τὸ
566 960 660 1023 τὴν
694 959 961 1023 πολιτικὴν
995 958 1051 1008 ἐν
1089 959 1285 1025 ἱστορίᾳ
1318 957 1403 1008 καὶ
1437 963 1583 1024 τριβῇ
1619 965 1744 1008 καθ-

370 1039 655 1105 εστηκέναι,
706 1041 938 1105 τεχνικὸν
988 1037 1045 1089 δὲ
1095 1031 1262 1104 μηθὲν
1310 1038 1745 1105 προσφέρεσθαι3)

371 1140 418 1187 p.
452 1122 564 1185 136,
593 1122 843 1170 20-146,

292 1204 462 1253 Habes
505 1203 628 1266 fere,
671 1219 795 1265 quae
838 1202 891 1250 in
934 1202 1182 1251 continuis
1217 1202 1422 1265 papyris
1458 1205 1745 1251 tractantur.

193 1285 350 1335 Multa
394 1287 562 1332 tamen
607 1282 977 1333 interciderunt.
1047 1282 1165 1332 Dixi
1208 1299 1428 1346 papyros
1470 1284 1590 1345 408,
1632 1284 1748 1346 409,

194 1366 311 1429 425,
360 1365 511 1428 1079,
558 1364 709 1428 1086,
756 1365 907 1426 1117,
953 1363 1085 1413 1580
1134 1363 1230 1412 hue
1279 1363 1540 1426 pertinere.
1616 1363 1747 1412 Nam

194 1449 358 1495 textus
388 1444 696 1510 singularum
725 1444 1021 1510 paginarum
1049 1447 1274 1494 auteum
1298 1460 1490 1508 papyro
1514 1444 1748 1493 continua

195 1531 278 1576 aut
320 1543 431 1575 cum
475 1525 585 1574 aliis
627 1526 806 1574 horum
848 1526 1239 1590 fragmentorum
1281 1525 1480 1590 paginis
1522 1525 1594 1573 ita
1637 1542 1746 1574 oon-

196 1606 334 1671 einit‚
377 1610 433 1657 ut
477 1624 537 1656 ex
573 1605 729 1657 altero
766 1605 975 1656 alterum
1010 1605 1236 1670 pendeat.
1306 1605 1400 1655 His
1435 1609 1629 1669 septem
1664 1625 1747 1670 pa-

195 1688 332 1751 pyris
375 1688 622 1737 addendae
666 1690 781 1736 sunt
825 1704 872 1751 p.
906 1688 1037 1737 1573
1068 1711 1132 1727 =
1161 1685 1301 1735 VIH2
1337 1687 1420 1736 fol.
1449 1688 1652 1736 42-52
1697 1691 1748 1736 et

196 1786 242 1831 p.
272 1769 371 1818 468
404 1793 468 1809 =
498 1767 564 1817 Χ2
601 1769 823 1832 63—66,
868 1784 989 1831 quas
1030 1771 1198 1831 partes
1243 1784 1347 1816 esse
1383 1768 1530 1817 huius
1566 1769 1748 1832 papyri

195 1852 485 1913 argumento
522 1848 848 1897 demonstrari
883 1865 1029 1911 posse
1066 1848 1269 1896 confido.

296 1927 480 1994 Agitur
529 1932 695 1979 autem
742 1929 837 1978 hoe
886 1931 994 1977 toto
1043 1928 1174 1977 libro
1220 1928 1341 1977 trita
1383 1929 1469 1977 illa
1511 1930 1749 1992 quaestio,

198 2008 323 2057 sitne
360 2026 438 2058 ars
473 2009 720 2059 rhetorica
747 2025 913 2058 neone.
963 2008 1037 2058 Ae
1066 2008 1230 2072 priore
1260 2011 1401 2073 parte
1429 2008 1750 2058 Philodemus

166 2086 392 2155 ffilienas,
420 2091 574 2141 altera
603 2108 716 2140 suas
745 2091 935 2155 profert
965 2091 1247 2140 sententias.
1292 2091 1509 2149 Quarum
1530 2092 1750 2155 partium

196 2169 332 2231 prior
380 2171 451 2220 ita
494 2172 736 2236 bipertita
778 2174 873 2236 est,
923 2175 980 2221 ut
1023 2171 1240 2236 primum
1282 2171 1492 2221 aliorum
1534 2172 1749 2236 philoso-

197 2250 428 2316 phorum,
485 2253 658 2302 deinde
717 2253 1078 2316 Epicureorum
1134 2254 1587 2318 argumentationes
1643 2270 1750 2316 per-

306 2400 344 2448 1)
375 2398 492 2440 Satis
521 2399 690 2441 incerta
716 2399 942 2452 proposui,
978 2401 1126 2441 tamen
1156 2400 1216 2440 sie
1244 2400 1335 2440 fere
1365 2400 1608 2452 supplenda
1637 2402 1749 2449 sunt,

197 2472 306 2511 quae
341 2477 383 2516 p.
416 2469 468 2507 68
502 2478 590 2507 non
625 2467 822 2520 poteram
858 2466 1097 2510 emendare.
1163 2465 1223 2509 cf.
1260 2480 1303 2520 p.
1335 2472 1406 2519 77,
1445 2471 1497 2509 26
1513 2480 1605 2519 sqq.
1644 2465 1751 2508 ἀλλὰ

197 2534 275 2570 νῦν
304 2555 356 2562 -
386 2534 464 2587 οὐχ
492 2535 624 2588 ἡμεῖς.
1251 2534 1255 2537 ’

303 2600 345 2650 2)
374 2601 427 2642 cf.
460 2606 551 2655 122,
580 2608 632 2645 25
648 2617 737 2655 sqq.

304 2667 347 2719 3)
374 2667 426 2710 cf.
461 2674 550 2722 136,
581 2674 633 2711 20
650 2684 742 2723 sqq.
