1880 3021
758 174 1091 221 —11-

261 358 336 400 De
371 343 540 398 forma
574 363 892 407 papyrorum
927 357 979 397 et
1013 355 1115 397 fide
1151 355 1589 408 apographorum.

254 456 482 519 Papyrus
521 456 650 503 1427
683 478 746 494 =
768 454 834 502 V2
870 455 952 503 fol.
983 456 1185 505 26——35
1220 456 1367 504 finem
1403 456 1553 520 primi
1588 456 1709 504 libri

151 536 385 587 continet.
456 535 673 583 Litterae
709 538 962 598 tamquam
997 537 1219 602 fugiente
1256 537 1441 585 calamo
1479 541 1707 586 exaratae

154 621 281 667 sunt.
351 615 511 664 Multa
545 615 749 679 mutata,
786 615 958 679 deleta,
995 616 1182 665 adiecta
1218 620 1346 666 sunt.
1416 617 1643 681 Papyrus
1681 635 1709 665 a

152 714 343 746 summo
388 696 449 743 ad
484 695 639 744 imum
674 695 868 745 fissuris
904 696 1148 760 dirempta
1183 698 1302 746 satis
1338 701 1505 746 tamen
1541 698 1602 745 ad
1638 716 1708 747 re-

151 778 458 828 stituendum
500 780 695 826 textum
737 777 931 842 integra
974 781 1062 826 est.
1132 777 1410 842 Utrumque
1455 779 1709 843 exemplar

154 863 204 908 et
240 858 395 908 Oxon.
434 860 485 905 et
518 857 676 921 Neap.
715 857 933 906 eiusdem
968 858 1070 906 fere
1107 858 1256 921 pretii
1293 862 1380 908 est.

253 940 482 1002 Papyrus
532 940 664 988 1674
701 963 765 978 =
802 937 893 987 l'V2
939 940 1174 988 42—108
1226 943 1420 1002 partem
1469 941 1587 988 libri
1638 958 1708 988 se-

155 1020 301 1070 cundi
347 1019 579 1068 continet.
650 1019 902 1083 Fortasse,
953 1019 1068 1083 quia
1114 1020 1195 1068 hic
1236 1020 1366 1068 liber
1407 1020 1511 1068 sine
1556 1021 1706 1068 dubio

153 1117 453 1166 permagnus
489 1099 606 1163 fuit,
643 1100 813 1149 charta
848 1100 1063 1149 scribam
1099 1100 1290 1149 defecit.
1362 1099 1458 1150 Sed
1493 1100 1558 1149 sit
1595 1117 1710 1149 sane

154 1200 268 1232 casu
303 1199 404 1231 non
438 1182 701 1245 perfectus,
737 1186 868 1231 certe
904 1182 1065 1231 medio
1103 1175 1265 1245 capite
1295 1182 1605 1246 interruptus
1636 1187 1711 1231 est

152 1263 293 1313 liber.
349 1262 540 1313 Ductus
575 1263 854 1313 litterarum
883 1263 1096 1328 simplex
1126 1266 1214 1327 est,
1250 1263 1461 1329 paginae
1491 1264 1710 1328 optimae

152 1345 402 1394 interdum
439 1349 489 1394 et
525 1346 785 1395 continuae
823 1363 1029 1410 semper.
1086 1345 1389 1409 Exemplum
1424 1345 1710 1409 Neapolita-

152 1444 272 1476 num
309 1427 596 1492 diligentius
633 1428 910 1477 confectum
947 1431 996 1476 et
1032 1427 1251 1476 melioris
1287 1444 1405 1476 usus
1442 1430 1536 1491 est,
1584 1426 1711 1476 Oxo-

151 1507 311 1557 niensi
361 1511 547 1573 tamen,
598 1508 730 1573 quod
782 1509 913 1558 1825
965 1508 1154 1557 editum
1200 1511 1296 1573 est,
1344 1507 1462 1557 licet
1509 1507 1708 1557 omnino

152 1589 313 1655 magis
350 1593 637 1653 corruptum
673 1589 758 1654 sit,
799 1590 955 1638 multa
991 1593 1157 1638 tamen
1193 1589 1510 1654 corriguntur
1546 1593 1594 1638 et
1632 1606 1710 1637 ex-

154 1670 368 1734 plentur.

255 1751 483 1815 Papyrus
522 1753 652 1801 1672
698 1752 848 1800 finem
893 1751 1012 1800 libri
1056 1752 1259 1800 alterius
1303 1751 1508 1800 exhibet
1545 1775 1609 1791 =
1645 1750 1713 1800 V2

119 1822 122 1825 ¹
154 1834 319 1882 36—7
327 1835 369 1882 6.
426 1833 727 1882 Litterarum
764 1834 938 1882 ductus
975 1834 1016 1882 si
1052 1834 1216 1882 minus
1253 1834 1451 1898 elegans
1487 1836 1539 1881 at
1569 1833 1713 1881 fortis

155 1917 205 1962 et
240 1914 397 1963 virilis
433 1919 522 1964 est.
590 1914 754 1964 Nimis
789 1915 946 1964 multa
982 1919 1198 1964 correcta
1235 1918 1350 1964 sunt
1387 1914 1533 1981 (puto
1563 1931 1713 1962 manu

156 1993 350 2061 aliena).
400 1995 557 2059 Neap.
588 1996 842 2060 exemplar
877 2000 1098 2060 praestat
1136 1996 1408 2061 diligentia,
1445 1995 1534 2044 Ox.
1558 1996 1714 2059 copia,

153 2094 325 2126 verum
354 2077 566 2141 pessime
597 2077 901 2140 descriptum
931 2081 1020 2141 est,
1049 2080 1105 2126 ut
1136 2077 1344 2126 subinde
1375 2094 1435 2125 ex
1464 2077 1585 2125 totis
1610 2094 1714 2124 ver-

157 2157 316 2222 sibus,
354 2158 439 2222 qui
474 2158 657 2224 integri
692 2157 995 2222 viderentur,
1030 2158 1158 2206 nihil
1194 2157 1456 2206 elicuerim.

257 2239 486 2304 Papyrus
519 2241 648 2290 1423
679 2264 744 2281 =
774 2239 864 2288 ΧΓ
894 2258 940 2303 p.
975 2242 999 2288 1
1020 2257 1125 2303 sqq.
1156 2239 1239 2287 dat
1269 2239 1486 2302 priorem
1516 2242 1712 2303 partem

156 2320 275 2369 libri
312 2322 488 2385 quarti.
560 2321 760 2370 Summa
796 2324 901 2370 arte
938 2324 986 2369 et
1024 2320 1269 2386 elegantia
1305 2320 1597 2386 magnisque
1633 2320 1712 2369 lit-

156 2402 277 2450 teris
328 2403 636 2467 conscriptus
688 2407 783 2467 est,
832 2407 888 2451 ut
929 2402 1013 2451 vix
1057 2402 1244 2465 aliquid
1286 2405 1477 2450 mutare
1521 2402 1715 2450 audeas.

156 2481 465 2549 Apographo
519 2487 685 2533 tamen
742 2483 830 2534 Ox.
887 2482 1124 2532 nonnulla
1181 2482 1515 2531 emendantur.
1607 2482 1717 2531 Hoc

157 2564 309 2613 etiam
345 2566 437 2614 sub
474 2567 624 2615 finem
659 2566 954 2632 paginarum
989 2564 1192 2613 uberius
1229 2568 1315 2613 est.

259 2645 500 2711 Papyrus,
538 2664 661 2712 quae
698 2648 903 2697 alteram
932 2649 1127 2711 partem
1154 2645 1274 2695 libri
1304 2646 1468 2710 quarti
1498 2646 1719 2695 continet

157 2725 246 2790 (=
283 2727 374 2776 XIl
422 2732 547 2793 part.
585 2727 675 2796 II),
722 2729 774 2778 in
821 2729 940 2778 duas
988 2731 1156 2793 partes
1204 2727 1379 2793 divisa,
1426 2728 1504 2777 vel
1550 2726 1720 2791 potius
