1880 3021
772 136 1156 185 --35-·
1700 176 1729 199 ,

162 257 305 308 αὐτοὶ
347 264 635 320 ποιοῦνται,
677 254 760 305 καὶ
804 256 889 314 τὰς
923 264 1024 305 τῶν
1060 258 1228 319 λόγων
1264 253 1545 319 διαθέσεις,
1588 256 1714 305 οἵων

162 336 307 388 αὐτοὶ
334 337 621 401 γράφουσίν
643 353 695 385 τε
722 333 807 385 καὶ
837 336 1198 400 σχεδιάζουσιν.
1248 335 1555 400 Quamquam
1583 335 1716 384 enim

161 435 262 467 non
303 416 515 466 multum
556 416 710 464 habet
751 416 971 464 methodi
982 415 1041 482 1),
1090 419 1257 465 tamen
1299 434 1355 465 ea
1396 433 1497 465 non
1539 417 1716 465 orbata

163 502 251 548 est.
308 498 476 546 Habet
512 497 644 545 enim
680 495 1012 561 ἐπιτεύγματα
1048 513 1135 545 sua
1168 495 1305 562 (124,
1336 496 1404 562 7),
1439 498 1717 555 καθολικὰς

162 580 468 643 παραδόσεις
483 576 629 643 (126)
646 577 781 625 velut
804 577 862 624 de
879 577 1257 641 prooemiorum,
1271 577 1610 626 narrationum
1625 581 1716 626 etc.

163 658 375 724 ratione,
423 658 570 708 κοινά
617 676 733 707 τινα
781 657 865 707 καὶ
909 665 1129 722 στοιχεῖα
1173 656 1253 707 ἐπὶ
1295 659 1355 707 τὰ
1397 659 1523 707 κατὰ
1567 657 1718 724 μέρος

165 741 404 803 διήκοντα
447 738 591 805 (12Ζ,
638 740 754 803 128,
791 736 892 804 1)2)
937 755 1158 803 quaeque
1201 742 1455 802 praeterea
1498 742 1614 788 sunt
1657 756 1718 788 ex

164 820 441 870 Philodemi
491 820 736 869 sententia
786 819 927 885 signa
970 820 1103 869 artis.
1173 819 1345 884 Itaque
1390 821 1475 884 qui
1518 821 1718 886 ingenio

164 902 297 950 felici
340 905 389 949 et
433 902 558 949 bene
600 904 877 965 temperato
921 901 1095 949 enixus
1137 901 1477 967 technologias
1520 901 1720 965 penitus

165 982 443 1046 perceperit
479 982 709 1031 adiuncta
746 983 1097 1031 exercitatione
1134 983 1204 1045 id,
1241 983 1372 1045 quod
1407 983 1721 1045 propositum

166 1066 254 1129 est,
281 1080 381 1112 non
409 1063 573 1113 minus
604 1081 751 1128 quam
780 1063 832 1112 in
861 1063 972 1112 aliis
995 1063 1188 1112 artibus
1213 1066 1541 1127 consequetur
1561 1062 1720 1130 (129).

164 1145 431 1209 Perperam
469 1163 583 1194 vero
614 1136 729 1194 ⁴eam
764 1148 921 1194 artem
957 1163 1063 1194 esse
1100 1145 1417 1194 contionandi
1454 1161 1722 1208 causasque

167 1227 358 1275 dicendi
409 1227 722 1276 contenditur
769 1225 926 1292 (132).
1005 1226 1235 1289 Quaeque
1279 1227 1331 1274 in
1374 1227 1556 1275 scholis
1599 1226 1722 1274 eius-

168 1308 300 1356 modi
338 1308 583 1356 orationes
619 1308 886 1372 habentur,
922 1324 1074 1356 vanae
1111 1307 1415 1356 imitationes
1452 1310 1582 1370 sunt,
1618 1307 1721 1371 qui-

169 1389 263 1436 bus
300 1405 417 1436 usus
454 1392 503 1436 et
539 1389 718 1451 peritia
747 1389 855 1450 fori,
891 1389 1073 1451 iudicii,
1108 1388 1417 1453 legationum
1446 1388 1723 1437 adfectatur

170 1469 330 1535 magis
367 1486 513 1533 quam
549 1469 824 1533 percipitur
859 1472 945 1518 aut
981 1469 1205 1518 traditur.
1262 1468 1435 1533 Itaque
1465 1470 1723 1518 abicienda

169 1551 277 1598 ista.
346 1550 520 1613 Neque
572 1550 702 1598 enim
746 1550 787 1598 si
830 1567 908 1598 ars
952 1553 1046 1614 est,
1096 1550 1205 1598 ideo
1249 1567 1327 1599 ars
1371 1553 1446 1599 est
1488 1550 1722 1614 politicae

171 1631 330 1695 (134).
840 1670 842 1673 .

273 1711 511 1769 Quartum
548 1714 652 1760 erat
689 1714 839 1775 caput
873 1710 989 1777 περὶ
1021 1719 1112 1761 τοῦ
1140 1712 1234 1775 τὴν
1263 1711 1636 1776 εὐδοκιμοῦσαν
1665 1712 1722 1762 ἐν

172 1794 351 1856 δήμοις
385 1791 469 1842 καὶ
506 1794 846 1858 δικαστηρίοις
881 1794 1103 1856 δύναμιν
1140 1793 1232 1857 οὐχ
1268 1791 1354 1842 ὑπ’
1395 1794 1551 1856 ἄλλης
1584 1810 1723 1859 περι-

171 1876 407 1936 γίνεσθαι
442 1882 546 1932 τοῖς
581 1873 719 1932 ὅλοις
747 1872 1020 1938 ἐπιστήμης
1052 1875 1162 1938 136,
1184 1875 1435 1938 20-137,
1458 1876 1536 1924 27.
1584 1873 1725 1933 Quod

171 1955 292 2003 satis
343 1955 557 2018 simplici
607 1955 983 2003 ratiocinatione
1035 1955 1399 2003 demonstratur
1442 1955 1531 2004 sic:
1579 1973 1725 2005 nemo

165 2038 369 2099 *praeter
415 2036 735 2084 scholasticos
781 2036 908 2084 hanc
951 2039 1107 2084 artem
1150 2037 1432 2099 profitetur:
1482 2037 1621 2100 atqui
1664 2038 1726 2085 ad

171 2116 428 2179 politicam
450 2116 737 2165 facultatem
759 2116 1113 2179 assequendam
1134 2117 1261 2164 nihil
1282 2117 1511 2166 videntur
1532 2118 1724 2166 afferre:

170 2196 337 2261 itaque
368 2197 452 2261 qui
482 2214 589 2246 eam
617 2198 847 2263 habeant,
876 2197 967 2247 hos
997 2214 1094 2262 quo
1124 2199 1268 2248 modo
1299 2215 1490 2263 cunque
1519 2199 1727 2264 adeptos

172 2296 279 2327 eam
317 2279 420 2328 sine
457 2279 680 2328 doctrina
714 2279 931 2328 nancisci
968 2279 1181 2329 efficitur
1217 2279 1286 2346 (p.
1321 2280 1452 2346 137)

283 2402 323 2452 1)
352 2404 401 2441 ut
428 2399 601 2452 poetica
630 2400 674 2440 et
700 2399 877 2442 musica.

282 2469 324 2520 2)
353 2468 468 2519 quod
496 2467 698 2509 Isocratis
729 2468 924 2521 exemplo
954 2468 1240 2510 demonstrari
1267 2468 1448 2510 videtur.

800 2601 1102 2622 —4-0.>-—

370 2713 524 2750 Reliqua
546 2713 749 2751 propediem
771 2722 842 2745 una
863 2722 942 2745 cum
964 2714 1160 2745 Philodemi
1183 2714 1345 2752 reliquiis
1368 2716 1522 2745 edentur.

1338 2772 1395 2808 3⁸¹²
