1880 3021
789 111 1122 159 —21—

176 245 226 290 et
267 238 445 305 genere
488 233 767 298 praefatum
809 247 926 279 esse.
995 230 1146 279 Artes
1188 235 1353 280 autem
1388 231 1519 279 inter
1554 246 1605 278 se
1643 229 1731 278 dif-

176 323 301 370 ferre
351 314 623 376 contendit,
673 311 794 360 alias
843 328 933 374 per
978 329 1029 360 se
1071 312 1207 375 ipsas
1250 316 1399 375 stare,
1447 328 1538 360 nec
1581 310 1732 358 ullius

178 398 375 450 omnino
420 392 787 444 exercitationis
821 391 1063 457 indigere,
1105 393 1226 442 alias
1262 409 1354 442 usu
1390 396 1440 441 et
1474 394 1731 441 consuetu-

178 481 289 528 dine
318 475 573 537 contineri,
602 473 724 521 alias
753 472 941 537 ingenii
971 473 1180 535 quadam
1208 473 1445 522 felicitate
1472 472 1581 534 niti,
1610 471 1731 518 alias

178 558 386 622 denique
422 555 567 604 aliter
601 553 810 617 misceri,
845 552 1022 602 harum
1057 570 1208 617 opera
1242 553 1305 602 ad
1340 553 1553 602 artifices
1582 551 1731 616 perti-

175 657 290 690 nere
333 637 485 700 solos,
527 634 724 683 iHarum
768 633 917 683 etiam
961 635 1025 683 ab
1070 634 1131 683 iis
1174 634 1366 699 perfici,
1408 634 1493 698 qui
1529 632 1732 682 artificis

131 722 141 732 ’“
178 719 375 770 nomine
412 717 610 765 careant
645 713 726 780 (fr.
754 713 840 777 IV,
868 712 951 779 II).
1021 714 1412 764 Recensentibus
1448 718 1627 777 autem,
1662 714 1732 763 in-

178 800 299 864 quit,
335 814 518 859 eorum,
547 794 632 858 qui
662 794 721 842 de
749 794 997 843 rhetorica
1025 795 1343 859 scripserunt,
1370 796 1569 844 libellos
1596 796 1733 844 varia

177 880 410 930 vitiorum
445 891 627 941 genera
663 877 937 923 occurrunt.
994 874 1148 923 Velut
1184 878 1362 938 errant,
1399 876 1484 938 qui
1521 893 1582 924 ex
1618 876 1732 924 arti-

179 961 272 1009 bus
315 973 562 1007 removere
599 955 833 1019 cupiunt,
876 955 918 1004 si
962 972 1058 1019 qua
1100 955 1291 1020 proprii
1333 956 1520 1020 aliquid
1562 957 1734 1005 afferat

179 1045 229 1091 et
269 1040 363 1088 hoc
405 1038 467 1086 ad
501 1037 662 1101 ipsam
698 1039 879 1100 putant
915 1037 1163 1100 pertinere
1185 1037 1507 1087 rhetoricam.
1564 1037 1644 1104 (fr.
1674 1035 1733 1103 I).

178 1150 245 1157 -
274 1120 367 1178 Qui
402 1117 699 1167 rhetoricam
734 1118 796 1166 ab
834 1117 944 1166 aliis
981 1118 1216 1167 doctrinis
1251 1118 1330 1166 vel
1356 1118 1557 1166 artibus
1569 1116 1609 1183 ¹)
1646 1118 1733 1166 dif-

180 1203 304 1250 ferre
346 1199 541 1261 volunt,
589 1215 690 1247 non
733 1198 869 1247 illam
911 1201 1069 1247 artem
1111 1216 1216 1247 esse
1259 1202 1465 1264 negant,
1507 1199 1593 1247 sed
1633 1216 1735 1247 non

179 1281 332 1330 solam
381 1280 552 1343 utique
603 1279 665 1327 ad
705 1279 855 1327 finem
897 1295 1042 1327 suum
1084 1279 1362 1343 pervenire,
1412 1279 1563 1327 immo
1607 1279 1733 1327 alius

138 1350 140 1355 Δ
180 1377 372 1426 quoque
402 1360 522 1409 artis
551 1359 736 1408 auxilio
765 1359 859 1408 niti
882 1376 1029 1423 posse
1053 1360 1357 1409 contendunt
1386 1359 1458 1426 (p.
1474 1358 1732 1425 I,Hinit.).

178 1442 233 1490 Id
267 1458 381 1489 vero
419 1441 472 1489 in
506 1441 650 1489 libris
686 1441 1075 1497 adversariorum
1110 1441 1441 1489 miserrimum
1476 1457 1632 1506 genus
1661 1458 1732 1489 ar-

181 1521 501 1587 gumentandi
538 1524 634 1585 est,
677 1521 719 1570 si
756 1521 866 1584 quis
901 1520 1002 1570 illis
1037 1519 1181 1585 ipsis',
1217 1521 1345 1569 unde
1381 1538 1469 1570 sua
1503 1522 1578 1570 illi
1613 1522 1734 1571 vati-

181 1602 418 1664 cinantur,
454 1618 573 1650 usus
607 1601 686 1650 vel
722 1601 1022 1650 contrarium
1057 1601 1217 1664 possit
1246 1602 1479 1666 probare3
1514 1603 1733 1651 minime-

181 1700 273 1746 que
302 1684 364 1731 ab
395 1683 495 1731 illis
525 1699 693 1740 eorum
724 1683 892 1747 opinio
922 1682 1248 1748 redarguitur,
1277 1683 1361 1746 qui
1390 1684 1584 1747 partem
1613 1684 1734 1732 artis

182 1764 242 1812 ab
287 1764 576 1827 imperfecto
619 1763 806 1812 artifice
842 1763 995 1827 recipi
1031 1780 1177 1827 posse
1214 1768 1508 1828 proponant.
1578 1765 1733 1814 Porro

180 1844 573 1908 vitiosissimum,
616 1845 657 1893 si
701 1844 786 1908 qui
829 1845 892 1892 ab
930 1844 1028 1908 his,
1072 1845 1156 1908 qui
1192 1848 1386 1908 partem
1421 1845 1542 1894 artis
1578 1846 1734 1909 possi-

182 1925 311 1989 dent,
346 1926 508 1975 exorsi
544 1929 677 1975 totas
714 1925 944 1975 scientias
979 1926 1276 1990 vituperant.
1333 1926 1574 1991 Prompta
1603 1927 1734 1976 enim

183 2005 397 2056 defensio
435 2010 522 2056 est.
578 2007 708 2057 Nam
744 2007 1113 2070 persuadebunt
1141 2009 1364 2072 fortasse,
1400 2009 1484 2071 qui
1515 2012 1734 2057 oratores

182 2102 281 2135 non
317 2091 446 2152 sunt,
482 2091 535 2137 at
570 2088 680 2152 ipsa
716 2088 936 2136 oratione
973 2088 1366 2151 persuadendum
1402 2091 1495 2137 est:
1531 2089 1573 2137 is
1602 2090 1734 2138 enim

181 2165 293 2214 finis
349 2171 425 2216 est
470 2168 756 2217 rhetoricae.
833 2167 891 2216 In
934 2184 1030 2231 quo
1074 2168 1367 2231 perridicule
1410 2169 1735 2233 formositate,

183 2261 299 2296 auro
336 2251 425 2298 etc.
463 2249 669 2298 cuilibet
703 2250 987 2314 persuaderi
1015 2266 1160 2313 posse
1190 2250 1441 2313 profertur
1468 2255 1604 2316 (pag.
1626 2250 1734 2316 111).

131 2330 136 2331 ⁷
184 2324 401 2392 Cumque
444 2330 694 2394 privatum
736 2331 956 2380 oratione
999 2330 1246 2379 interdum
1288 2331 1580 2394 persuadere
1624 2349 1735 2381 con-

294 2597 333 2648 1)
370 2599 498 2650 Apud
525 2599 692 2641 Philod.
724 2601 945 2641 doctrinae
980 2603 1023 2642 et
1052 2599 1157 2641 artis
1186 2599 1408 2642 notionem
1437 2614 1523 2642 non
1551 2601 1734 2641 multum

184 2657 371 2717 differre,
400 2663 644 2709 illustratur
671 2681 712 2721 p.
738 2671 809 2722 75,
841 2672 890 2710 13
904 2681 996 2721 sqq.
