1880 3021
783 62 1122 111 „20-

170 199 382 247 quorum
419 182 515 231 alia
551 183 816 246 perspicua
852 185 988 246 sunt,
1031 182 1127 231 alia
1163 199 1260 246 quo
1297 182 1599 249 pertineant,
1634 203 1734 238 non

171 267 396 329 apparet.
466 263 733 313 Manifesto
777 264 870 313 sub
911 264 1062 312 finem
1096 263 1214 313 libri
1250 262 1400 328 primi
1436 262 1507 330 (p.
1540 266 1618 330 12,
1648 267 1733 334 18)

172 361 230 392 ea
265 362 382 407 pars
417 342 536 392 libri
573 345 777 393 alterius
814 344 1131 408 describitur,
1171 361 1267 408 qua
1301 344 1522 408 Epicuri,
1556 344 1734 397 Metro-

173 424 295 489 dori,
329 424 624 474 Hermarchi
660 424 947 473 testimonia
983 425 1256 474 afferuntur
1293 449 1357 464 =
1395 443 1442 488 p.
1473 425 1553 488 69,
1581 427 1612 474 2
1630 443 1734 491 sqq.

171 504 316 563 Quod
345 508 513 554 autem
542 505 732 568 profert
762 523 809 568 p.
836 506 914 568 12,
937 505 1104 553 9—18
1127 513 1236 563 τοῖς
1258 503 1304 553 δ’
1331 503 1593 569 ἡμετέροις
1614 510 1735 569 κτλ.,

173 589 346 651 aperte
404 586 623 650 pertinet
680 586 742 635 ad
792 586 983 635 Bromii
1033 586 1286 635 cuiusdam
1336 585 1571 650 Epicurei
1621 587 1735 652 περὶ

174 676 368 732 τεχνῶν
405 668 713 731 aliorumque
743 668 1105 731 Epicureorum
1139 667 1309 717 libros.
1365 667 1436 717 Ut
1465 670 1631 716 autem
1659 668 1737 718 his

174 749 299 797 locis
336 749 550 797 secunda
586 766 702 812 pars
738 749 856 797 libri
894 749 1097 797 alterius
1132 748 1412 813 attingitur,
1448 748 1518 797 sic
1554 766 1601 812 p.
1635 751 1679 811 1,
1710 752 1733 797 1

176 832 226 876 et
263 847 310 892 p.
344 831 422 892 11,
452 832 605 892 3sqq.
642 829 696 877 in
731 829 944 893 primam
981 829 1199 878 eiusdem
1234 829 1352 877 libri
1382 832 1576 892 partem
1604 828 1738 877 reici-

176 926 302 979 mur,
340 926 452 958 cum
489 909 639 958 dicat:
675 913 802 975 πρὸς
836 911 925 968 τὰς
959 911 1085 959 κατὰ
1121 908 1272 975 μέρος
1300 911 1467 972 λόγων
1505 908 1630 975 (scil.
1661 910 1739 958 ad-

177 990 530 1057 versariorum)
569 991 817 1049 διακοπὰς
853 990 1342 1055 ἐπιμνησθησόμεθα
1379 993 1429 1039 et
1465 989 1552 1039 ἐπί
1573 1008 1626 1040 τε
1654 997 1742 1054 τῆς

181 1074 429 1135 διακοπῆς
471 1081 575 1121 τῶν
610 1073 735 1120 κατὰ
771 1070 924 1136 μέρος
959 1074 1128 1134 λόγων
1165 1073 1276 1120 ἔνια
1310 1080 1414 1121 τῶν
1448 1080 1547 1121 νῦν
1582 1089 1742 1136 παρα-

180 1154 524 1216 λελειμμένων
568 1151 900 1215 ἐπισημασίας
943 1151 1295 1215 ἀξιωθήσεται.
1368 1150 1438 1200 Cf.
1475 1170 1522 1215 p.
1553 1154 1639 1215 31,
1676 1154 1741 1201 33

181 1236 325 1298 χρεία
352 1235 480 1297 πρὸς
509 1233 664 1290 αὐτάς
692 1231 737 1294 γ’
770 1232 965 1281 ἐπιέναι
993 1233 1081 1289 τὰς
1109 1241 1212 1281 τῶν
1240 1233 1365 1281 κατὰ
1393 1231 1546 1296 μέρος
1573 1235 1742 1295 λόγων

181 1314 439 1371 διακοποὲς.
467 1341 524 1348 -
551 1312 623 1363 Ut
659 1316 826 1361 autem
862 1313 914 1361 in
942 1314 1039 1361 fine
1069 1312 1188 1361 libri
1218 1312 1367 1376 primi
1396 1316 1743 1382 argumentum

180 1394 383 1443 secundi
431 1394 751 1457 proponitur,
801 1394 871 1442 sic
915 1394 968 1442 in
1009 1395 1106 1442 fine
1150 1394 1354 1442 alterius
1396 1397 1744 1458 argumentum

180 1475 317 1523 tertii
353 1474 472 1523 libri
512 1474 786 1523 delineatur
822 1492 869 1537 p.
906 1476 1015 1537 135,
1042 1476 1123 1538 40,
1159 1475 1217 1522 de
1255 1491 1351 1538 quo
1389 1474 1559 1523 statim
1593 1474 1745 1523 verba

181 1556 406 1604 facienda
450 1559 566 1604 sunt
602 1555 773 1604 fusius.
845 1555 951 1604 Nec
987 1555 1131 1603 aliter
1166 1573 1213 1618 p.
1250 1557 1371 1617 223,
1410 1556 1677 1617 19—224,
1711 1557 1745 1603 4

182 1639 532 1701 argumentum
567 1636 685 1684 libri
722 1636 883 1699 quinti
920 1636 1203 1685 adumbrari
1241 1636 1436 1700 credidi,
1472 1652 1584 1684 cum
1620 1652 1744 1699 quae

183 1721 459 1781 sequuntur
489 1717 548 1764 de
572 1716 757 1781 Gorgia
777 1716 1002 1765 Platonis
1024 1735 1071 1780 p.
1096 1718 1211 1779 224,
1234 1718 1265 1765 5
1282 1734 1386 1780 sqq.
1417 1717 1479 1764 ad
1507 1733 1621 1780 pap.
1645 1718 1741 1765 221

184 1798 434 1862 pertinere
463 1797 730 1846 verisimile
762 1797 826 1846 sit
851 1796 1069 1847 =V1H2
1099 1798 1181 1846 fol.
1209 1799 1489 1848 134-137,
1536 1797 1746 1862 Reliqua

184 1879 343 1928 adhuc
379 1879 432 1927 in
468 1878 620 1926 dubio
657 1878 936 1942 relinquere
973 1878 1139 1941 malui,
1176 1878 1283 1927 dico
1321 1896 1367 1942 p.
1399 1880 1478 1942 67,
1511 1880 1596 1943 243
1633 1881 1747 1941 211,

185 1961 273 2024 :203
310 1961 432 2024 212,
468 1961 521 2023 43
558 1960 680 2022 214,
717 1960 802 2023 203
840 1960 959 2023 222,
997 1961 1146 2023 sssqq.

612 2142 687 2183 De
724 2144 1034 2193 argumento
1070 2141 1191 2184 libri
1225 2141 1266 2183 1.
1281 2132 1318 2198 ¹)

291 2241 687 2290 Consentaneum
724 2245 798 2290 est
826 2241 1172 2290 Philodemum
1208 2242 1266 2290 de
1302 2245 1479 2290 natura
1515 2258 1570 2290 ac
1599 2241 1748 2304 parti-

187 2325 282 2371 bus
325 2322 600 2371 rhetoricae
642 2322 1010 2385 disputaturum
1047 2323 1105 2371 de
1142 2322 1450 2388 singularum
1485 2321 1666 2370 artium
1701 2321 1749 2369 vi

301 2485 340 2534 1)
370 2482 627 2525 Accuratius
658 2484 705 2524 et
731 2494 869 2535 paene
899 2483 956 2522 ad
984 2483 1161 2524 verbum
1190 2483 1270 2523 has
1291 2494 1453 2535 paucas
1476 2481 1657 2535 paginas
1681 2493 1749 2521 ex-

188 2550 347 2603 pressi,
384 2553 434 2592 ut
468 2550 543 2603 qui
578 2551 718 2604 primo
755 2551 913 2591 librum
942 2550 1180 2603 evolveret,
1217 2563 1302 2602 quo
1331 2549 1542 2592 niteretur
1569 2549 1751 2589 haberet

188 2631 295 2659 neve
327 2618 536 2660 sermonis
567 2618 826 2659 difficultate
858 2630 883 2658 a
911 2617 1061 2659 limine
1092 2617 1394 2671 depelleretur.
