1880 3021
815 115 1119 164 ,8.-

189 237 314 300 quit.
374 235 524 284 Cuius
560 235 864 284 mentionem
899 235 1163 301 faciebam,
1202 252 1313 285 cum
1350 235 1454 285 eius
1489 235 1752 286 lectionem

192 335 221 365 a
257 334 367 366 mea
404 317 766 380 discrepantem
802 317 1161 381 respiciendam
1199 317 1471 366 censebam.

292 398 483 447 Deinde
518 397 575 447 E.
608 396 733 448 Gros
768 398 1124 464 Francogallus
1160 399 1212 447 in
1247 399 1377 447 libro
1415 400 1752 463 »Φιλοδήμου

187 478 303 545 περὶ
333 480 604 545 ῥητορικῆς
640 497 701 528 ex
729 479 1089 528 Herculanensi
1117 497 1310 544 papyro
1338 479 1539 545 lithogr.
1572 479 1751 543 Oxonii

190 577 396 610 excussa
432 560 667 624 restituit,
702 560 856 609 latine
892 561 1043 609 vertit
1080 564 1168 609 etc.
1192 590 1259 596 —
1280 559 1476 609 Adiecti
1510 564 1625 609 sunt
1654 560 1749 609 duo

187 642 467 691 Philodemi
498 641 617 690 libri
640 642 699 690 de
723 642 970 691 rhetorica
991 642 1205 706 Neapoli
1232 642 1365 706 editi,
1392 642 1544 690 Paris.
1572 643 1754 692 18402‘<

189 727 239 772 et
278 722 600 789 Spengelium
639 726 688 772 et
723 722 877 773 Italos
915 724 1188 788 descripsit.

293 805 527 870 Singulos
579 805 789 868 denique
832 805 967 853 locos
1009 805 1260 854 Usenerus
1303 804 1354 853 in
1397 803 1657 868 Epicureis
1701 807 1750 853 et

191 885 515 949 Gomperzius
552 886 739 949 passim
775 889 1123 934 tractaverunt.
1182 886 1400 944 Quorum
1429 886 1510 934 hic
1538 885 1749 949 plerum-

191 985 287 1030 que
310 967 363 1015 in
387 967 611 1016 Zeitschr.
623 968 709 1028 fiir
730 969 805 1016 die
826 971 985 1017 ὄείθνν.
1002 967 1174 1031 Gymn.
1193 967 1250 1014 de
1272 967 1609 1015 voluminibus
1623 966 1674 1015 N
1676 983 1748 1013 ea-

187 1047 425 1111 politanis
463 1047 707 1096 disserens
742 1064 845 1096 non
874 1064 1031 1111 pauca
1060 1047 1283 1111 protulit.
1333 1043 1553 1096 Usenero
1584 1050 1749 1095 autem

184 1147 287 1177 non
316 1146 470 1177 unum
498 1129 676 1191 locum,
704 1146 805 1177 non
835 1146 988 1177 unum
1017 1129 1260 1192 volumen,
1291 1128 1376 1176 sed
1404 1145 1559 1192 paene
1586 1127 1748 1176 totum

183 1210 371 1258 librum
415 1210 592 1274 debeo,
636 1210 823 1273 quippe
868 1210 952 1274 qui
995 1227 1073 1258 me
1111 1210 1172 1257 ad
1207 1210 1327 1258 haec
1364 1209 1527 1258 studia
1562 1209 1747 1258 adules-

184 1295 378 1339 centem
401 1290 674 1355 adduxerit,
703 1292 1158 1356 relanguescentem
1181 1290 1406 1354 erexerit,
1436 1290 1747 1339 dubitantem

186 1372 566 1434 confirmaverit,
596 1372 817 1420 docuerit
839 1372 1141 1436 imperitum,
1171 1371 1473 1420 revocaverit
1502 1374 1747 1420 errantem

186 1457 236 1502 et
279 1453 619 1518 temerarium,
663 1453 835 1502 multis
879 1453 1089 1517 denique
1132 1453 1254 1502 locis
1291 1453 1403 1501 inde
1440 1470 1468 1501 a
1503 1469 1615 1518 pag.
1649 1454 1744 1503 129

182 1535 262 1583 vel
304 1552 476 1583 verum
519 1534 598 1583 vel
641 1535 744 1583 veri
787 1535 947 1583 simile
991 1534 1374 1600 investigaverit.
1452 1533 1587 1582 Idem
1629 1551 1745 1583 vero

183 1634 245 1665 ne
291 1616 449 1665 voluit
490 1615 689 1680 quidem
725 1633 907 1665 nomen
943 1633 1087 1665 suum
1125 1616 1334 1681 singulis
1370 1615 1583 1665 inventis
1620 1616 1745 1680 addi,

183 1698 317 1762 quod
346 1702 513 1746 tamen
541 1697 623 1746 hic
651 1697 754 1746 illic
783 1698 1061 1747 faciendum
1085 1697 1279 1746 credidi.
1329 1697 1435 1747 Nec
1456 1697 1746 1746 Buecheleri

184 1797 384 1843 operam
414 1778 537 1827 mihi
562 1779 773 1828 defuisse
798 1779 1076 1843 quicunque
1098 1780 1324 1828 Bonnam
1347 1778 1584 1843 attigerit,
1613 1779 1743 1827 ultro

183 1860 461 1909 coniecerit.
527 1859 718 1918 Quibus
754 1860 877 1909 mihi
914 1861 1008 1910 hoc
1043 1860 1152 1909 loco
1190 1859 1474 1925 duumviris,
1511 1860 1744 1924 quoniam

181 1943 366 1990 referre
395 1959 496 1989 non
527 1958 745 2005 possum,
775 1942 961 2006 gratias
985 1958 1130 2005 agere
1153 1958 1302 2003 quam
1323 1941 1562 2003 plurimas
1584 1941 1742 1989 liceat.

249 2153 325 2194 De
364 2151 757 2204 exemplaribus
792 2150 1150 2203 Neapolitanis
1187 2153 1239 2193 et
1275 2150 1673 2195 oxoniensibus,

284 2268 534 2331 Exempla
585 2267 882 2331 chalcotypa
923 2266 1256 2329 Neapolitana
1300 2283 1598 2330 quamquam
1640 2285 1741 2316 non

178 2349 415 2398 mediocri
452 2348 711 2414 diligentia
748 2349 972 2397 confecta
1009 2351 1137 2411 sunt,
1176 2351 1343 2396 tamen
1378 2349 1484 2397 fieri
1519 2366 1620 2397 non
1656 2366 1740 2412 po-

177 2433 328 2494 terat,
380 2430 501 2493 quin
550 2430 602 2478 in
648 2433 787 2478 tanta
829 2429 1155 2478 frustulorum
1198 2429 1445 2494 farragine
1489 2430 1741 2479 erroribus

177 2512 427 2560 interdum
485 2511 797 2576 gravioribus
855 2511 1258 2563 deformarentur.
1335 2510 1483 2559 Mitto
1534 2511 1740 2575 minora,

176 2609 302 2656 quae
327 2592 537 2657 singulis
561 2592 682 2641 locis
706 2595 905 2641 enotata
928 2595 1056 2658 sunt,
1085 2592 1221 2641 velut
1251 2610 1297 2656 p.
1322 2593 1401 2657 99,
1424 2593 1488 2642 29
1512 2591 1738 2656 PIKHN,

175 2692 289 2723 cum
328 2673 368 2723 Ο
406 2678 537 2723 recte
576 2674 809 2723 exhibeat
849 2675 1314 2741 [πα]ρεθήκα[μεν],
1351 2673 1473 2722 illud
1502 2677 1738 2737 tanquam
