1880 3021
772 133 1109 181 —10-

160 257 291 303 tram
326 257 521 317 partem
559 252 740 317 explet.
800 253 893 312 Qui
929 255 1023 304 hoc
1059 255 1166 304 fieri
1202 254 1401 319 potuit?
1458 255 1529 305 Ut
1558 256 1723 305 brevis

162 334 270 400 sim,
305 334 627 399 Neapolitani
664 334 705 384 si
735 351 832 399 qua
861 335 1041 402 exigua
1070 335 1282 386 frustula
1309 336 1578 402 habebant,
1613 336 1723 386 istis

163 416 387 482 reliquiis
417 416 693 481 marginem
722 416 1028 481 addiderunt,
1065 434 1189 481 quae
1220 418 1434 481 deerant,
1470 422 1723 482 tamquam

163 498 442 546 ornamenti
490 497 651 562 gratia
695 498 1068 562 compleverunt
1112 502 1161 548 et
1202 499 1256 548 in
1296 499 1519 565 integrae
1566 516 1722 564 paene

164 578 376 644 paginae
400 577 616 641 speciem
637 578 948 643 redegerunt.
977 578 1191 627 Evolvas
1214 578 1472 643 quodlibet
1493 579 1724 628 volumen

164 659 470 708 collectionis
507 658 711 707 alterius
747 658 864 725 (vol.
887 658 1134 725 VI—XI),
1170 676 1267 724 quo
1304 660 1583 725 fragmenta
1613 677 1722 709 con-

163 740 428 789 tineantur.
486 739 605 789 Mox
641 740 862 789 invenies
891 741 1183 807 fragmenta,
1220 758 1343 806 quae
1373 758 1434 790 ex
1464 741 1619 791 altera
1646 741 1725 790 vel

165 839 225 869 ex
273 825 483 885 utraque
531 825 672 884 parte
721 821 934 870 contrita
979 825 1146 871 tamen
1191 823 1412 888 margine
1459 822 1624 872 addito
1672 823 1722 871 in

163 902 382 966 speciem
439 902 685 966 quandam
742 902 1047 967 integritatis
1098 904 1268 953 reficta
1318 907 1444 952 sunt.
1528 904 1724 968 Demas,

164 1000 369 1047 quaeso,
420 1000 544 1047 quae
595 983 872 1049 marginem
923 983 1160 1032 efficiant:
1210 984 1544 1034 additamenta
1589 988 1725 1034 sunt:

164 1065 309 1112 facile
340 1081 397 1112 ea
425 1064 617 1111 fissuris
648 1064 944 1126 quibusdam
973 1064 1289 1129 internosces,
1320 1065 1502 1127 quibus
1530 1064 1724 1128 Neapo—

163 1144 347 1194 litanos
384 1144 718 1193 additamenta
755 1162 843 1194 sua
879 1145 1157 1210 significare
1192 1144 1406 1195 voluisse
1436 1149 1572 1210 puto.
1628 1145 1724 1210 Op-

163 1226 285 1275 time
321 1228 416 1275 hoc
453 1244 610 1291 genus
647 1227 821 1275 edendi
858 1226 1135 1275 illustratur
1162 1225 1279 1275 VH2
1314 1227 1396 1276 fol.
1430 1229 1527 1277 170
1556 1227 1613 1275 fr.
1647 1229 1724 1290 11,

168 1310 244 1358 10.
294 1309 513 1358 Litterae
543 1309 754 1357 mediam
784 1309 1019 1374 paginam
1049 1309 1292 1358 obtinent.
1339 1309 1546 1374 Legitur
1573 1327 1616 1357 v.
1643 1311 1725 1358 10:

167 1392 470 1454 Qagavffeffi
513 1394 569 1439 ut
613 1391 705 1439 sub
750 1390 918 1439 littera
955 1404 986 1440 ο·
1021 1394 1260 1454 appareat
1295 1390 1496 1455 lineola,
1539 1390 1725 1439 scilicet

165 1473 366 1536 signum
401 1472 833 1536 interpunctionis,
870 1472 1002 1535 quod
1038 1472 1180 1520 initio
1210 1488 1441 1520 versuum
1470 1471 1723 1536 subiungi-

163 1557 258 1602 tur.
337 1553 767 1616 Deprehendimus
811 1553 967 1618 igitur
1008 1553 1243 1618 paginam
1286 1553 1557 1617 sinistram,
1601 1570 1724 1616 quae

165 1635 325 1683 media
361 1634 624 1697 proposita
661 1633 801 1699 est.1)

267 1715 577 1781 Apographa
593 1714 893 1764 Oxoniensia
915 1716 978 1764 ab
995 1716 1282 1765 hominibus
1296 1716 1496 1781 linguae
1513 1714 1723 1764 Graecae

165 1797 334 1846 insciis
378 1801 427 1846 et
471 1814 528 1846 eo
572 1801 796 1861 tempore
842 1798 1086 1862 confecta,
1130 1815 1227 1861 quo
1265 1796 1536 1862 integriora
1571 1796 1724 1845 fuisse

163 1879 394 1927 videntur
435 1878 707 1943 volumina,
750 1879 895 1928 modo
932 1879 1207 1943 meliorem,
1250 1879 1395 1927 modo
1434 1877 1725 1927 deteriorem

164 1964 360 2009 textum
390 1960 641 2024 exhibent,
671 1960 962 2024 plerumque
994 1964 1160 2009 autem
1188 1960 1474 2023 pleniorem.
1511 1959 1724 2008 Versum

166 2041 405 2090 omissum
450 2058 554 2090 esse
595 2058 694 2089 uno
731 2044 926 2092 tantum
962 2041 1069 2090 loco
1106 2041 1307 2090 memini
1343 2041 1395 2090 in
1430 2041 1726 2105 ὑπομνημα-

164 2131 287 2190 τικςό
325 2123 414 2171 col⁴
445 2125 532 2187 40,
570 2123 703 2186 quod
738 2123 790 2171 in
825 2122 875 2172 N
912 2122 1109 2186 saepius
1147 2122 1335 2171 accidit.

278 2355 318 2406 1)
358 2352 481 2401 Quod
516 2352 606 2392 iam
635 2352 801 2394 Kemke
841 2354 885 2394 et
912 2351 1133 2393 Hausrath
1167 2351 1213 2392 in
1248 2351 1372 2392 libris
1406 2351 1458 2393 de
1487 2349 1653 2391 musica
1683 2352 1727 2391 et

165 2421 219 2460 de
248 2419 462 2471 poematis
494 2420 622 2460 editis
653 2421 915 2461 notaverunt
943 2419 1127 2472 paginas
1158 2420 1394 2471 diremptas
1426 2420 1470 2459 et
1490 2418 1600 2458 falso
1624 2430 1725 2459 oon-

164 2487 413 2539 taminatas,
442 2487 488 2528 in
516 2486 675 2528 nostris
706 2500 876 2540 quoque
906 2486 1028 2529 libris
1060 2487 1219 2529 accidit
1251 2487 1371 2529 velut
1398 2485 1526 2528 initio
1556 2486 1658 2527 libri
1672 2486 1725 2538 V,

163 2556 281 2608 quod
311 2554 494 2607 singulis
523 2555 630 2597 locis
662 2555 884 2608 adscripsi.
