1880 3021
227 557 265 606 Ι.

204 1044 269 1093 ΙΙ.

176 1367 264 1415 III.

178 1692 264 1741 IV.

204 2261 265 2311 V.

179 2525 265 2574 VI.

464 379 834 430 Sententiae
874 381 1347 430 controversae.

296 556 386 620 Iis,
430 573 555 621 quae
585 556 874 606 Duemmler
904 558 954 605 in
984 556 1143 606 indice
1176 556 1517 606 universitatis
1548 556 1686 608 Basi-

297 639 470 687 liensis
501 637 952 703 (Chronologische
981 638 1220 703 Beitrage
1251 656 1310 686 zu
1347 637 1546 703 einigen
1574 638 1686 688 Pla-

296 720 558 769 tonisehen
600 718 851 784 Dialogen
896 718 1009 785 etc.)
1057 719 1283 784 proximo
1332 735 1461 768 anno
1510 722 1686 770 contra

298 818 376 850 me
399 800 687 866 disputavit,
717 818 818 850 non
841 801 1114 850 refutatum
1137 817 1215 850 me
1239 817 1347 849 esse
1375 802 1496 864 puto
1520 799 1684 850 Plato-

296 883 475 947 nisque
500 881 739 947 Gorgiam
764 900 892 932 anno
921 883 1022 931 fere
1045 883 1143 933 376
1168 882 1355 931 editum
1379 898 1486 931 esse
1510 882 1681 931 etiam·

294 982 426 1014 nunc
463 965 707 1015 existimo.

298 1045 357 1093 In
402 1045 739 1109 Theophrasti
787 1045 998 1094 historia
1045 1046 1332 1108 plantarum
1375 1044 1542 1093 hiatus
1586 1061 1683 1094 non

297 1126 499 1175 omnino
529 1127 719 1175 vitatus
751 1130 847 1190 est,
885 1126 970 1175 sed
1003 1129 1174 1174 tamen
1203 1126 1308 1175 eius
1345 1126 1473 1175 ratio
1510 1125 1685 1174 habita

299 1211 394 1270 est,
445 1224 569 1270 quae
622 1207 820 1270 quidem
870 1208 921 1255 in
972 1210 1113 1255 textu
1163 1206 1460 1256 recensendo
1507 1223 1685 1254 norma

296 1288 606 1350 respicienda
644 1288 749 1336 erit.

296 1367 376 1416 Ab
407 1369 665 1432 Epicureis
703 1369 972 1433 coryphaei
1008 1372 1171 1418 sectae
1200 1368 1466 1432 Epicurus,
1502 1367 1685 1416 Metro-

297 1451 468 1512 dorus,
511 1449 847 1498 Hermarchus
885 1450 939 1498 οἱ
970 1451 1155 1514 ἄνδρες
1191 1451 1552 1498 vocitabantur.
1611 1447 1685 1497 Of

298 1548 335 1579 e.
367 1547 413 1592 g.
442 1530 716 1579 Philodem.
755 1531 813 1579 de
858 1531 1045 1580 musica
1085 1530 1156 1579 ed.
1190 1530 1380 1579 Kemke
1419 1549 1465 1595 p.
1500 1530 1585 1594 95,
1616 1531 1678 1579 21

297 1612 582 1673 multosque
620 1612 756 1659 locos
793 1611 1084 1659 rhetoricae.

295 1691 506 1741 Cornuti
550 1708 654 1754 cap.
685 1693 748 1740 27
788 1689 884 1755 (ed.
914 1691 1068 1755 Lang.
1097 1710 1145 1755 p.
1175 1692 1261 1754 50,
1295 1689 1402 1756 15):
1433 1689 1584 1748 Ἴσως
1630 1688 1677 1739 δ’

296 1772 360 1821 ἂν
404 1768 555 1830 οὗτος
590 1770 674 1820 καὶ
711 1771 738 1820 ὁ
778 1775 1012 1836 Πρίαπος
1048 1776 1149 1835 εἴη,
1191 1769 1310 1821 καθ’
1355 1771 1415 1820 ὃν
1450 1773 1684 1836 πρόεισιν

295 1855 367 1913 εἰς
399 1862 508 1919 φῶς
543 1853 731 1915 πάντα,
768 1862 871 1902 τῶν
907 1853 1136 1918 ἀρχαίων
1173 1853 1563 1917 δεισιδαιμόνως
1598 1849 1684 1902 καὶ

296 1936 465 2001 ἁδρῶς
509 1937 607 1985 διὰ
649 1936 881 1984 τούτων
925 1935 956 1984 ἃ
1000 1935 1260 2000 ἐφρόνουν
1301 1933 1418 2000 περὶ
1460 1940 1549 1998 τῆς
1589 1941 1683 1984 τοῦ

294 2019 491 2082 κόσμου
545 2017 748 2081 φύσεως
803 2017 1173 2081 παριστάντων.
1228 2046 1294 2052 ——
1350 2017 1452 2065 Διὰ
1508 2017 1682 2079 τίνων,

295 2116 479 2163 quaero
515 2103 563 2147 et
601 2099 762 2147 scribo
801 2099 886 2146 διὰ
921 2100 1108 2147 τύπων.
1167 2097 1242 2147 Cf.
1273 2116 1376 2161 cap.
1399 2098 1472 2147 VI
1502 2097 1681 2163 (Lang.

275 2213 277 2216 >
297 2199 342 2243 p.
373 2181 417 2243 6,
442 2181 510 2244 8).

294 2261 355 2310 In
391 2260 728 2324 Theophrasti
765 2261 977 2310 charact.
1008 2278 1112 2325 cap.
1143 2259 1291 2308 XXII
1325 2258 1441 2321 περὶ
1477 2259 1684 2309 ἀνελευ-

295 2344 478 2407 θερίας
521 2340 709 2407 (initio)
754 2342 1068 2391 scribendum
1112 2345 1209 2390 est:
1261 2340 1542 2406 ἐπιγράψας
1589 2338 1683 2405 μὲν

298 2423 476 2482 αὐτὸς
511 2424 568 2472 τὸ
607 2424 770 2486 ὄνομα
808 2421 966 2489 (codd.
998 2422 1157 2471 αὐτοῦ
1192 2423 1273 2472 vel
1310 2421 1506 2486 αὑτοῦ).

295 2526 354 2573 111
389 2526 652 2574 Herondae
690 2525 963 2574 mimiamb.
993 2524 1065 2588 ΙΙ,
1089 2526 1175 2574 82;

394 2621 617 2684 ἔμβυσον
654 2621 726 2678 εἰς
760 2620 854 2683 τὴν
889 2627 1031 2685 χεῖρα
1068 2621 1398 2685 Βα[ττ]αρι’ωι
1434 2622 1586 2684 τιμήν

1873 404 1878 431 t

1857 432 1880 521 1

1838 587 1880 669 i
