1880 3021
757 94 1092 142 „33—

151 225 346 277 toribus
379 213 800 267 demonstravisse.
861 212 934 261 Ac
970 213 1186 262 sentiens
1221 213 1540 263 Philodemus
1575 213 1697 263 Her-

152 301 334 357 marchi
375 294 660 348 testimonio
702 294 828 342 nihil
870 295 970 343 fere
1008 295 1135 344 effici
1172 296 1326 345 addit:
1368 294 1699 361 παρεθέμεθα

153 386 208 438 δὲ
242 381 324 434 καὶ
358 381 445 437 τὰς
481 376 561 426 ἐπὶ
595 383 718 425 πᾶσι
752 375 925 439 λέξεις,
961 382 1012 425 εἴ
1038 394 1107 443 τῳ
1140 378 1402 439 γενήσεται
1429 380 1584 441 φίλον
1612 375 1697 426 καὶ

153 466 330 521 ταύτας
372 462 529 525 ἔχειν,
575 456 669 507 οὐκ
712 455 1038 519 ἀγνοοῦντες,
1085 456 1162 505 ὅτι
1203 460 1324 521 περί
1359 475 1497 515 τινος
1538 459 1698 506 ἄλλου

75 528 94 534 ⁶
154 545 357 604 δόξουσι
384 537 469 589 καὶ
499 535 613 601 οὐχὶ
640 536 756 600 περὶ
784 543 875 585 τοῦ
904 536 1238 602 προκειμένου
1268 537 1700 602 καταγεγράφθαιέ

155 625 230 689 85,
261 621 472 672 19—27.
529 617 725 666 Tertius
761 617 947 665 accedit
974 618 1298 681 Metrodorus,
1336 618 1420 680 qui
1449 618 1611 680 primo
1642 618 1703 665 de

153 701 391 770 poematis
432 699 563 775 libro
609 696 930 761 sophisticam
972 700 1128 747 artem
1171 716 1276 747 esse
1313 699 1556 748 disseruit.
1629 698 1699 748 Cf.

156 789 231 850 86,
259 783 440 843 4-89,
473 781 552 844 29,
590 796 736 842 quem
770 779 934 827 locum
970 779 1110 828 doleo
1149 780 1279 842 quod
1313 776 1414 828 nOn
1449 781 1700 845 integrum

159 868 269 914 dare
306 861 462 926 potui.
764 889 767 892 >

250 942 447 993 Auditis
482 940 734 1005 magistris
769 940 998 1003 aequales
1034 940 1296 989 adversarii
1326 940 1703 1004 perlustrantur,

154 1025 470 1086 audimusque
505 1020 689 1085 Rhodi,
734 1021 941 1084 Romae,
986 1019 1093 1084 Coi,
1127 1020 1341 1069 Athenis
1378 1021 1703 1084 disputantes,

154 1108 406 1167 certantes,
444 1106 747 1167 quaerentes,
785 1102 903 1166 quid
930 1102 1178 1165 Epicurus
1208 1102 1266 1150 de
1296 1102 1568 1166 sophistica
1596 1104 1701 1151 rhe-

154 1187 304 1236 torica
351 1184 602 1247 statuerit,
652 1184 740 1233 ubi
791 1184 1041 1248 statuerit,
1093 1184 1503 1248 quemadmodum
1552 1186 1704 1234 verba

156 1269 255 1317 eius
302 1266 673 1329 interpretanda
723 1266 835 1315 sint.
913 1265 1158 1329 Tempora
1207 1269 1464 1314 mutantur
1510 1269 1559 1314 et
1604 1283 1705 1314 non

154 1351 414 1397 mutantur.
484 1346 590 1397 Nec
633 1347 763 1396 enim
805 1346 989 1396 maiore
1029 1346 1272 1396 industria
1307 1347 1386 1395 vel
1422 1347 1705 1395 subtilitate

154 1429 305 1478 nostri
347 1429 643 1492 interpretes
686 1432 913 1477 utuntur:
966 1445 1264 1492 quamquam
1307 1428 1611 1477 conviciandi
1647 1428 1702 1477 li-

156 1511 342 1558 bertate
377 1527 467 1559 nos
504 1510 566 1558 ab
603 1509 704 1558 illis
741 1509 963 1573 superari
999 1509 1141 1557 facile
1180 1509 1440 1572 patiemur.

250 1590 471 1638 Primum
521 1594 686 1638 autem
735 1591 793 1637 de
843 1589 1089 1638 rhetorica
1138 1593 1382 1638 certantes
1423 1590 1605 1638 Rhodii
1651 1594 1701 1639 et

154 1670 358 1719 Romani
386 1670 686 1720 inducuntur
714 1670 816 1737 (89,
841 1673 900 1720 11
921 1668 1064 1735 sqq),
1101 1687 1309 1734 quorum
1338 1671 1426 1734 illi,
1460 1672 1513 1719 ni
1543 1671 1702 1736 fallor,

80 1777 89 1782 κ
154 1754 305 1799 artem
354 1752 543 1817 dicunt,
592 1752 644 1800 hi
694 1755 890 1818 negant.
977 1751 1047 1801 Of.
1098 1752 1485 1816 disputationem
1537 1753 1702 1803 Rhodi

153 1831 372 1882 habitam
414 1835 499 1898 90,
539 1836 683 1883 1—6.
752 1834 942 1882 Deinde
991 1834 1195 1896 ironice,
1246 1834 1442 1897 opinor,
1494 1835 1702 1883 duorum

155 1912 360 1962 Goorum
394 1915 579 1963 mentio
616 1915 687 1980 fit,
724 1931 932 1979 quorum
962 1914 1086 1963 alter
1115 1914 1172 1962 de
1202 1917 1372 1963 nostra
1402 1915 1703 1979 quaestione,

154 1994 277 2043 sitne
327 2012 406 2044 ars
456 1996 728 2059 sophistica
776 1996 1041 2058 rhetorica,
1091 1996 1144 2043 in
1188 1994 1423 2044 Convivio
1467 1999 1517 2044 et
1558 1996 1703 2046 libris

152 2073 262 2138 περὶ
287 2078 416 2138 βίων
444 2076 651 2141 Epicuri
662 2076 699 2143 ¹)
731 2077 908 2126 stolide
938 2094 994 2126 ac
1023 2078 1208 2125 frustra
1238 2077 1549 2141 quaesiverit,
1578 2079 1704 2127 alter

153 2153 257 2215 ipse
294 2157 490 2219 quidem
518 2158 720 2223 nesciat,
756 2158 844 2206 ubi
873 2158 967 2206 hoc
997 2158 1303 2223 diiudicetur,
1339 2158 1550 2208 scientes
1580 2159 1704 2208 sciat

152 2232 359 2286 Athenis
399 2239 575 2288 vivere.
649 2239 845 2289 Tertius
890 2239 1089 2303 quidam
1130 2239 1342 2288 Athenis
1385 2243 1610 2288 mortuus
1653 2244 1703 2288 et

154 2317 351 2367 eandem
393 2319 494 2368 fere
535 2338 683 2384 quam
717 2320 1036 2370 Philodemus
1073 2321 1368 2370 sententiam
1404 2324 1601 2369 secutus
1637 2322 1700 2369 ab

153 2394 246 2443 alio
275 2397 610 2467 impugnatur,
647 2402 732 2465 qui
760 2402 948 2450 nullam
977 2402 1176 2451 omnino
1206 2401 1478 2450 rhetoricae
1508 2405 1702 2465 partem

152 2478 304 2526 artem
340 2497 444 2530 esse
478 2486 636 2545 putat.
694 2483 907 2541 Quartus
936 2501 983 2546 p.
1008 2485 1087 2546 92,
1110 2484 1325 2547 33-95,
1352 2485 1410 2532 17
1443 2484 1701 2544 refutatur,

259 2653 298 2702 1)
328 2650 420 2694 Hoc
448 2653 632 2696 fortasse
664 2660 729 2710 90,
759 2661 919 2698 27—29
950 2656 1074 2697 latet.
