1880 3021
131 219 349 287 pertinet
376 216 459 265 fol.
484 216 563 277 91,
585 215 665 276 92,
686 211 838 276 Vffl2‚
863 215 974 277 137,
1003 212 1106 278 IX2,
1127 215 1208 278 41,
1231 214 1310 278 55,
1333 215 1412 279 56,
1432 213 1513 279 X2,
1536 212 1685 281 646³)

130 301 222 353 -XI2
274 299 383 349 108.

222 339 452 429 ,Secunda
474 376 643 439 thesis,
665 391 790 438 quae
812 375 865 423 in
885 392 1076 440 papyro
1104 377 1235 425 1674
1255 376 1379 425 latet
1400 375 1483 443 (cf.
1503 377 1560 425 fr.
1581 375 1683 440 10),

131 462 245 514 talis
280 461 381 509 fere
416 457 568 505 fuisse
604 456 817 504 videtur:
858 456 1047 519 „Nocet
1082 473 1228 519 saepe
1264 456 1508 505 rhetorica
1544 474 1680 520 prae-

132 544 273 607 cipue
295 557 324 588 a
346 533 668 602 sycophantis
690 536 943 585 tractata.“
975 536 1323 599 Respondetur
1352 554 1399 599 p.
1427 539 1502 601 19,
1532 554 1680 601 quam

133 623 251 675 satis
279 619 420 669 male
436 616 704 680 emendavi,
733 617 785 666 in
813 617 939 665 hanc
969 617 1284 666 sententiam:
1320 617 1450 666 idem
1479 618 1530 666 in
1558 618 1681 666 alias

133 718 324 770 quoque
355 703 484 749 artes
514 698 698 762 cadere,
728 715 839 747 cum
867 698 1122 747 architecti
1151 699 1338 747 incuria
1367 699 1540 748 domus
1570 716 1680 748 con-

133 786 274 847 cidat,
301 781 380 831 vel
408 797 583 829 navem
605 779 781 843 perdat
802 779 960 827 malus
983 780 1301 844 gubernator,
1329 780 1407 828 vel
1428 780 1680 828 hominem

134 864 320 916 occidat
355 861 586 910 medicus.
627 889 685 895 —-

231 943 334 993 Iam
363 941 520 1005 facile,
550 957 674 1004 quae
703 944 976 1004 sequuntur
997 940 1386 989 adversariorum
1408 941 1680 988 sententiae

133 1022 396 1075 internosci
432 1024 662 1086 possunt,
702 1021 935 1085 quoniam
971 1021 1075 1069 sine
1112 1020 1369 1085 particulis
1404 1038 1494 1084 per
1530 1020 1681 1070 ἀσύν-

134 1109 278 1156 δετον
314 1106 673 1167 proponuntur.
743 1101 801 1150 In
836 1119 933 1165 quo
970 1120 1018 1165 p.
1048 1103 1135 1165 42,
1171 1103 1203 1151 5
1237 1119 1298 1150 ne
1335 1102 1541 1150 verbum
1578 1102 1680 1165 qui-

135 1188 241 1234 dem
276 1184 540 1248 participio
578 1183 801 1232 subiecit.

231 1264 446 1330 Tertial)
495 1265 651 1329 igitur
701 1263 954 1323 ἀπόδειξις
1002 1282 1050 1328 p.
1098 1265 1181 1328 19,
1236 1266 1433 1314 12—18
1483 1264 1681 1330 legitur,

131 1350 251 1411 puto
294 1363 448 1410 usque
493 1346 553 1394 ad
594 1346 802 1395 verbum
846 1348 1176 1405 ὃιαλεκτικόςε
1226 1346 1363 1395 locus
1401 1346 1532 1395 enim
1568 1348 1680 1395 sub-

133 1429 366 1476 obscurus
409 1431 495 1476 est.
569 1426 691 1476 Cum
733 1428 825 1476 hac
861 1427 1279 1477 demonstratione
1316 1427 1534 1477 eiusdem
1570 1445 1678 1477 auc-

131 1508 249 1557 toris
285 1509 528 1557 sententia
565 1511 645 1573 20,
675 1510 855 1573 9—21,
888 1510 952 1557 14
988 1509 1329 1574 coniungenda
1365 1513 1451 1558 est.

229 1588 411 1647 Quarta
447 1589 691 1638 sententia
721 1613 784 1629 =
815 1591 894 1652 23,
922 1590 1105 1653 4—24,
1140 1591 1224 1653 11,
1260 1589 1442 1653 quibus
1479 1590 1678 1653 quidem

129 1669 290 1718 verbis
324 1670 642 1719 Philodemus
679 1672 764 1734 24,
794 1671 994 1720 26-33
1031 1670 1259 1734 inseruit,
1294 1671 1346 1719 ni
1382 1671 1539 1720 fallor.

229 1750 409 1809 Quinta
446 1752 691 1801 sententia
721 1777 783 1792 =
814 1752 900 1816 25,
931 1753 1145 1802 32—35.

228 1830 377 1881 Sexta
427 1833 672 1882 sententia
710 1857 773 1873 =
804 1834 890 1897 26,
930 1834 1149 1882 19—25:
1199 1840 1295 1891 πᾶς
1343 1836 1569 1898 τεχνίτης
1612 1863 1676 1869 —

130 1913 276 1975 ἔργον
313 1913 503 1974 [rhetor
535 1917 701 1963 tamen
730 1917 985 1963 accusatus
1013 1931 1113 1962 non
1141 1914 1248 1977 ipse
1279 1931 1330 1962 se
1361 1915 1562 1977 expedit
1592 1915 1676 1963 sed

130 1991 188 2038 ad
226 1996 490 2055 patronum
526 2012 577 2043 se
614 1985 838 2056 con'fert].
910 1994 1048 2043 Talia
1084 1994 1215 2043 enim
1251 1994 1500 2043 exstitisse
1537 1998 1676 2059 puto,

130 2072 307 2134 quibus
336 2076 572 2125 concinne
601 2076 945 2140 respondetur:
976 2076 1143 2140 itaque
1175 2076 1324 2125 etiam
1354 2076 1411 2125 de
1435 2077 1676 2125 medicina

130 2151 482 2217 desperandum
532 2161 626 2222 est,
676 2157 718 2206 si
767 2157 984 2206 medicus
1030 2157 1204 2206 morbo
1251 2157 1536 2221 implicatus
1577 2175 1676 2206 non

128 2231 232 2295 ipse
269 2236 365 2286 sibi
402 2239 656 2288 medeatur
691 2239 776 2288 sed
811 2239 1028 2303 peritum
1064 2238 1298 2286 adhibeat
1334 2239 1585 2303 collegam.

228 2315 448 2381 Septima
485 2320 730 2369 sententia
761 2344 824 2360 =
854 2322 933 2384 27,
963 2321 1142 2369 6—15.

226 2396 391 2447 Prima
402 2399 444 2466 2)
501 2401 731 2464 deinceps
787 2401 1164 2465 demonstratio,
1228 2418 1324 2464 qua
1379 2400 1675 2449 rhetoricam

237 2586 276 2634 1)
306 2584 365 2627 Cf.
394 2601 435 2639 p.
460 2594 497 2640 6,
520 2593 584 2629 25.

235 2653 276 2703 2)
304 2652 598 2697 Anaximenea
627 2658 711 2711 est,
742 2655 795 2699 cf,
824 2655 903 2697 HV
932 2655 1025 2708 IV1,
1054 2655 1125 2697 fol⁵
1151 2661 1187 2697 2.
