1880 3021
762 188 825 193 —
897 159 961 207 29
1033 188 1096 193 .-

154 290 251 352 τὴν
293 282 351 334 δὲ
386 281 658 347 ῥητορικὴν
694 277 925 344 ἐπειρᾶτο
962 280 1122 329 εἰπεῖν
1158 280 1424 356 οὐδεμ[ίαν
1460 282 1594 345 ἔχειν
1627 280 1707 329 vel

156 369 264 419 sim.
337 363 406 412 Cf.
444 360 583 411 Sexti
618 359 860 425 Empirici
896 360 1001 410 adv.
1037 360 1160 410 rhet.
1198 363 1227 423 ξ
1254 362 1320 412 48
1336 379 1440 427 sqq.

258 444 306 512 g.
343 447 416 494 ἔτι
452 442 497 492 δ’
533 444 582 491 εἰ
613 443 681 505 μὴ
718 441 914 505 ἐκείνης
945 443 1082 491 ἔστιν
1109 461 1158 491 τι
1186 442 1344 506 τέλος,
1379 441 1457 508 ἐφ’
1488 443 1514 491 ὃ
1544 443 1708 492 πάντα

155 530 219 580 τὰ
261 525 387 593 μέρη
425 522 694 573 συννεύειν
731 521 946 587 ὀφείλει,
986 529 1075 587 τῆς
1111 523 1378 589 ῥητορικῆς
1412 522 1566 574 οὐδέν
1603 524 1708 574 ἐστι

156 609 301 666 τέλος
334 604 437 668 1X2‚
469 606 588 666 1013
627 603 759 666 quod
794 603 1071 652 illustratur
1107 604 1245 652 Sexti
1277 605 1421 668 Emp.
1450 605 1554 653 adv.
1583 605 1707 653 rhet.

160 689 375 740 89—92.

260 772 307 818 h.
351 806 362 818 .
386 805 397 818 .
422 807 432 817 .
469 768 592 832 μετὰ
633 766 823 829 ταύτην
866 766 961 829 τὴν
996 765 1314 832 ἐπικειμένην
1348 768 1710 833 ὑπομνήσομεν

162 853 349 916 ε’κείνῃ·
401 851 560 913 δῆλον
608 847 686 896 ὅτι
734 847 832 911 γὰρ
882 854 1018 897 πᾶσα
1068 847 1217 913 τέχνη
1260 850 1408 914 χάριν
1451 851 1710 914 ὠφελίμου

159 935 297 990 τινὸς
331 933 405 989 εἰς
439 932 529 979 τὸν
565 930 682 992 βίον
718 929 944 991 εἰσῆκται
979 927 1064 977 καὶ
1092 927 1121 958 ’¹¹‘
1156 927 1241 978 καὶ
1275 931 1709 994 παρασκευαστικὴ

164 1013 528 1077 συμφερόντων
564 1008 722 1059 ἐστίν·
759 1008 790 1072 ἡ
828 1006 885 1058 δὲ
921 1009 1162 1074 ῥητορικὴ
1198 1012 1323 1074 πρὸς
1352 1048 1362 1058 .
1387 1048 1431 1059 ..
1467 1010 1572 1073 IX2,
1601 1013 1709 1060 105.

162 1095 220 1143 cf.
257 1091 393 1142 Sexti
428 1091 574 1154 Emp.
612 1090 717 1138 adv.
754 1089 877 1138 rhet.
911 1091 1124 1154 10—12,
1159 1090 1245 1139 ubi
1281 1090 1461 1140 similia
1497 1090 1711 1141 Critolao

162 1177 351 1225 dantur.
1296 1192 1305 1196 —

263 1256 292 1304 i.
342 1255 575 1317 τοιαύτης
621 1250 678 1302 δὲ
719 1259 806 1318 τῆς
846 1254 1045 1319 πρώτης
1087 1252 1391 1313 ἀποδείξεως
1431 1257 1714 1319 πεφυκυίας

163 1337 397 1402 βλέπεται
437 1336 494 1384 τὸ
539 1334 948 1400 διημαρτημένον
991 1336 1089 1398 ἤδη
1128 1333 1213 1384 καὶ
1247 1342 1335 1398 τῆς
1370 1334 1714 1400 ἐκδεχομένης,

164 1415 281 1468 καθ’
315 1417 380 1481 ἣν
417 1415 612 1479 ἐλέγετο
647 1422 783 1465 πᾶσα
818 1415 967 1481 τέχνη
1003 1418 1276 1481 τυγχάνειν
1311 1415 1389 1465 ἀεὶ
1420 1425 1512 1466 τοῦ
1540 1416 1716 1475 τέλους
1751 1462 1754 1464 .

165 1500 195 1562 ἢ
230 1499 354 1547 κατὰ
389 1500 446 1548 τὸ
482 1501 739 1561 πλεῖστον,
780 1497 811 1560 ἡ
850 1494 906 1546 δὲ
942 1497 1183 1563 ῥητορικὴ
1221 1496 1500 1563 μηδετέρου
1534 1497 1716 1561 γένους

166 1578 409 1644 μετέχειν·
454 1579 576 1628 ὅταν
614 1576 671 1627 δὲ
705 1577 791 1627 καὶ
826 1581 1005 1643 πείθῃ,
1052 1580 1138 1628 διά
1172 1597 1287 1628 τινα
1320 1588 1423 1628 τῶν
1457 1588 1647 1629 κοινῶν
1683 1579 1713 1643 ἢ

164 1659 248 1708 καὶ
281 1668 382 1709 τῶν
420 1661 689 1709 ἰδιωτικῶν
720 1659 935 1724 νέμησιν
971 1668 1062 1710 τοῦ
1097 1659 1273 1719 τέλους
1308 1660 1579 1725 τυγχάνειν
1610 1659 1715 1724 XI²,

170 1742 276 1789 101.
348 1740 418 1789 Of.
455 1740 593 1790 Sexti
628 1741 773 1805 Emp.
810 1741 914 1789 adv.
951 1742 1074 1790 rhet.
1116 1743 1327 1792 13—15.

264 1823 310 1870 k.
349 1822 584 1888 Legimus
619 1821 723 1886 IX2‚
759 1822 825 1872 52
855 1846 919 1862 =
948 1821 1052 1886 XF,
1092 1824 1209 1873 100:
1256 1852 1313 1859 —
1352 1825 1436 1872 καὶ
1471 1825 1624 1888 φύσις
1659 1821 1716 1872 δὲ

166 1906 448 1967 κατενοήθη
485 1906 542 1953 τὸ
578 1911 665 1967 τῆς
700 1902 876 1968 τέχνης
910 1907 1064 1970 ἔργον
1100 1904 1381 1954 ἀποτελεῖν·
1419 1906 1491 1953 ε”τι
1521 1906 1568 1953 εἰ
1595 1918 1716 1967 συγ-

165 1985 444 2048 κεχώρηταί
480 2002 621 2043 τινας
664 1984 946 2043 ἀδιδάκτως
989 1981 1046 2034 εὖ
1085 1983 1271 2049 λέγειν,
1314 1984 1422 2034 ἀλλ’
1466 1985 1560 2034 οὐκ
1589 1982 1716 2033 ’ἀπο-

168 2063 417 2114 δεικνύειν
446 2066 702 2129 φήσουσιν
731 2066 945 2130 ἄτεχνον
967 2062 1129 2115 οὖσαν
1150 2067 1245 2129 τὴν
1267 2066 1552 2131 ῥητορικήν.
1597 2065 1716 2114 Con-

167 2143 293 2192 feras
327 2144 430 2210 IX²‚
467 2148 533 2195 60
563 2170 627 2186 =
657 2144 761 2210 IX²‚
798 2147 885 2210 98,
927 2147 985 2196 fr.
1023 2147 1074 2196 8:
1125 2156 1298 2212 σαφῶς
1339 2148 1435 2212 γὰρ
1478 2149 1598 2210 ἔφη,
1641 2148 1718 2196 ὅτι

167 2226 410 2290 Δημάδης
446 2227 538 2276 οὐκ
573 2229 782 2292 ἔμαθεν,
825 2227 892 2286 ὣς
928 2226 975 2276 δ’
1009 2228 1173 2287 αὔτως
1207 2230 1454 2294 Αἰσχίνης
1487 2230 1599 2292 ἤτοι
1633 2227 1717 2277 καὶ

167 2303 281 2369 παρ’
324 2308 493 2358 ἄλλων
535 2309 566 2372 ἢ
611 2307 677 2358 δι’
720 2309 890 2358 αὑτῶν
931 2310 993 2358 τὰ
1036 2311 1287 2372 μεθοδικὰ
1330 2317 1416 2373 τῆς
1452 2309 1718 2374 ῥητορικῆς

167 2383 271 2432 οὔτ’
309 2388 502 2438 ἄπλατα
537 2391 594 2439 τὸ
629 2393 828 2453 πλῆθος
864 2392 986 2439 ὄντα
1014 2392 1490 2456 προσκαρτερήσεως
1516 2408 1569 2438 τε
1596 2394 1716 2439 πολ-

168 2466 257 2526 λῆς
293 2467 354 2516 οὐ
390 2470 625 2533 δεόμενα·
662 2472 752 2520 τὸν
788 2468 881 2535 μὲν
916 2472 1013 2536 γὰρ
1050 2470 1395 2535 Δημοσθένην
1429 2471 1612 2529 πάντες
1640 2489 1716 2519 κε-

167 2545 411 2607 κράγασιν
447 2551 501 2599 οἱ
523 2550 630 2600 κατ’
664 2551 821 2600 αὐτὸν
849 2554 1082 2616 τεχνίτην
1110 2549 1241 2601 εἶναι
1269 2550 1353 2601 καὶ
1382 2554 1717 2617 Κριτόλαος

166 2622 262 2673 ὐοκ
297 2627 614 2694 ἀπαρνεῖται·
652 2633 834 2697 ὀχυροῖ
865 2630 922 2681 δὲ
955 2633 1162 2697 προσέτι
1196 2635 1254 2682 τὸ
1290 2635 1594 2696 ταττόμενον
1622 2629 1711 2695 ὑφ’

168 2701 309 2764 ἡμῶν
346 2709 514 2767 αὐτῶν
550 2714 702 2779 μικρὰ
737 2714 873 2778 παρὰ
909 2720 998 2777 τῆς
1032 2713 1208 2779 τέχνης
1243 2714 1399 2764 αὐτὸν
1434 2711 1715 2777 εἰληφέναι·
