1880 3021
714 48 1120 95 ¹—34—

166 166 252 231 qui
287 184 449 231 neque
486 166 539 216 in
575 166 759 216 forensi
797 182 957 230 neque
988 166 1041 215 in
1069 166 1287 216 iudiciali
1316 184 1476 231 neque
1506 169 1559 219 in
1587 188 1732 234 pane-

165 248 339 313 gyrico
376 264 556 313 genere
585 247 744 297 ullum
773 248 868 296 arti
897 248 1062 297 locum
1092 266 1198 297 esse
1228 248 1375 297 dixit:
1410 266 1571 314 neque
1602 252 1732 302 enim

168 346 274 378 esse
311 346 457 393 posse
494 328 633 395 vulgi
664 329 911 393 quandam
940 346 1052 377 cum
1081 332 1187 378 arte
1216 329 1587 393 persuasionem
1614 332 1733 397 Epi-

167 411 272 460 curi
301 410 590 460 testimonio
621 410 861 474 patefieri,
900 410 1032 473 quod
1061 428 1108 474 p.
1133 412 1199 459 94
1228 411 1542 475 profertur.¹)
1586 412 1732 470 Quin-

167 495 250 541 tus
279 491 469 540 accedit
499 491 738 556 magister
761 490 1097 555 Atheniensis,
1134 492 1218 555 qui
1249 508 1360 541 cum
1388 491 1553 542 XXVI
1579 509 1733 544 annos

168 572 542 637 philosophiam
565 571 945 638 (EpicureamP)
975 573 1282 638 profiteatur,
1310 576 1477 622 tamen
1502 573 1591 622 ubi
1612 574 1733 623 haec

171 654 396 718 quaestio
433 653 743 719 profligetur,
778 671 879 702 non
915 654 1158 703 invenerit
1195 654 1377 718 quique
1413 672 1442 703 a
1479 655 1734 718 discipulis

170 735 392 785 sollertia
436 738 485 783 et
521 735 787 800 indagandi
825 735 1063 784 felicitate
1101 738 1362 799 superatus
1398 736 1476 785 sit.
1546 734 1734 800 Itaque,

171 817 350 880 inquit,
383 819 439 865 ut
468 816 542 864 illi
572 817 757 866 frustra
788 834 1021 881 quaerere
1053 817 1345 881 desinerent,
1373 817 1486 866 illos
1514 817 1734 881 Epicuri,

171 897 480 962 Hermarchi,
516 897 788 947 Metrodori
817 897 953 947 locos
983 898 1036 946 in
1064 897 1224 947 medio
1256 898 1508 963 proposui.
1536 928 1592 934 ——-
1618 897 1734 949 Non

174 997 380 1043 possum
410 980 606 1044 singula
635 979 882 1042 persequi,
919 978 1153 1042 quoniam
1183 979 1296 1026 illae
1326 980 1537 1045 paginae
1568 980 1734 1027 etiam-

172 1078 304 1110 nunc
339 1078 573 1126 magnam
609 1063 804 1124 partem
840 1060 1173 1109 restituendae
1210 1063 1339 1109 sunt.

276 1141 334 1190 In
364 1141 689 1205 sequentibus
720 1159 789 1206 ea,
827 1159 951 1205 quae
980 1141 1244 1190 adversarii
1275 1159 1335 1190 ex
1364 1141 1508 1190 libris
1530 1142 1737 1205 Epicuri

175 1227 225 1272 et
239 1223 512 1273 Metrodori
533 1226 704 1272 contra
718 1223 1065 1271 Philodemum
1080 1222 1364 1286 attulerant,
1381 1223 1737 1272 examinantur.

174 1304 249 1353 Ac
278 1304 496 1367 primum
525 1322 572 1367 p.
600 1305 711 1367 102,
734 1305 986 1366 22—119,
1008 1304 1070 1352 27
1096 1303 1235 1352 locus
1258 1302 1480 1351 Convivii
1502 1303 1738 1367 Epicurei

176 1388 439 1447 tractatur,
484 1401 631 1447 quem
674 1385 939 1433 adversarii
985 1387 1155 1432 contra
1194 1384 1540 1433 Philodemum
1575 1384 1738 1433 afferri

177 1484 324 1530 posse
361 1468 671 1529 putaverant.
730 1465 856 1514 Tum
889 1467 1000 1529 119,
1031 1467 1282 1529 28—120,
1312 1466 1344 1514 5
1379 1482 1441 1513 ne
1469 1465 1739 1514 Metrodori

178 1548 378 1611 quidem
420 1547 556 1595 locos
600 1549 771 1595 contra
815 1563 865 1594 se
910 1546 1178 1609 productos
1223 1545 1491 1609 quidquam
1527 1546 1739 1609 probare

180 1646 326 1692 posse
372 1628 512 1691 dicit,
556 1627 910 1690 pollicitusque
954 1644 1005 1675 se
1050 1627 1345 1692 singillatim
1389 1627 1447 1674 de
1489 1627 1742 1676 nonnullis

178 1710 329 1758 rebus
365 1709 463 1757 alio
502 1708 653 1757 etiam
688 1708 797 1757 loco
834 1708 986 1756 verba
1022 1709 1271 1756 facturum
1298 1706 1584 1771 Metrodori,
1620 1707 1740 1757 Her-

179 1790 389 1854 marchi,
432 1789 639 1853 Epicuri
676 1789 977 1838 testimoniis
1014 1789 1423 1852 acquiescendum
1461 1791 1627 1837 censet
1662 1789 1741 1837 ad-

130 1918 133 1921 ,
180 1872 309 1921 iecto
353 1872 446 1920 sub
491 1872 641 1920 finem
683 1871 832 1920 huius
868 1870 1026 1934 partis
1060 1870 1331 1920 Metrodori
1366 1869 1496 1933 loeo,
1547 1887 1643 1933 quo
1679 1888 1741 1919 ne

180 1952 507 2016 sophisticam
544 1951 742 2015 quidem
778 1951 1074 1999 rhetoricam
1109 1951 1242 1999 haud
1278 1967 1416 1999 secus
1452 1967 1509 1998 ac
1544 1950 1741 1999 iudicia-

180 2036 279 2083 lem
323 2037 373 2082 et
416 2034 663 2082 forensem
707 2032 812 2081 sine
856 2050 947 2081 usu
985 2032 1197 2096 quodam
1233 2049 1289 2081 ac
1325 2048 1488 2080 rerum
1525 2031 1742 2081 civilium

181 2114 362 2163 notitia
400 2114 609 2179 cogitari
646 2130 792 2177 posse
830 2113 1118 2176 explicetur.

285 2195 469 2260 Tertio,
507 2195 638 2259 quod
667 2197 916 2259 posuerat,
954 2194 1116 2259 capite
1146 2193 1217 2261 (p.
1245 2196 1356 2259 122,
1379 2194 1630 2258 25—136,
1652 2192 1742 2260 20)

184 2278 471 2342 exponitur:
523 2278 654 2326 διότι
706 2278 769 2340 δὴ
816 2275 899 2325 καὶ
944 2272 1052 2325 κατ’
1100 2275 1350 2340 ἀλήθειαν
1396 2274 1428 2338 ἡ
1476 2277 1741 2340 σοφιστικὴ

185 2360 426 2425 ῥητορικὴ
470 2357 620 2423 τέχνη
656 2361 731 2415 τίς
767 2357 905 2407 ἐστιν
940 2360 1061 2422 περί
1090 2375 1143 2406 τε
1178 2358 1266 2415 τὰς
1301 2355 1588 2418 ἐπιδείξεις,
1635 2357 1744 2414 οἵας

299 2549 337 2597 1)
374 2544 514 2586 Video
550 2558 664 2586 nunc
692 2559 734 2597 p.
759 2548 811 2586 94
840 2558 936 2586 cum
970 2548 1066 2597 100,
1100 2547 1318 2594 12—101‚
1350 2547 1402 2585 33
1440 2542 1744 2585 conferendam

187 2626 300 2666 csse,
330 2613 444 2653 unde
475 2616 539 2665 95,
580 2617 602 2653 7
633 2619 778 2654 κακῶν
808 2612 1040 2665 legendum
1070 2624 1163 2653 esse
1192 2611 1345 2655 elucet.
