1880 3021
776 119 1116 168 —22-

159 239 400 288 fitendum
437 239 516 302 sit,
552 242 604 287 at
635 256 725 288 nec
754 239 931 288 melius
959 256 1050 289 nec
1080 256 1191 289 cum
1219 243 1363 289 tanta
1387 239 1583 290 artificii
1613 260 1723 306 pro—

161 320 375 383 prietate
411 338 501 370 nec
537 323 641 369 tam
677 309 848 370 stricte
886 338 1034 385 quam
1070 321 1250 371 artifex
1286 320 1619 385 persuadebit.

263 402 418 450 Porro
456 406 875 468 argumentorum,
912 419 1037 466 quae
1074 402 1148 450 illi
1183 404 1457 466 proferunt,
1493 402 1590 451 alia
1623 421 1724 454 non

161 482 401 532 concinna
451 486 588 547 sunt,
639 483 735 531 alia
784 500 846 532 ne
898 483 1088 533 diversa
1132 483 1330 547 quidem
1372 484 1504 533 inter
1544 500 1595 532 se
1638 486 1725 534 sed

161 563 377 612 iactandi
407 564 568 631 gratia
597 563 921 613 multifariam
951 568 1143 613 mutata
1173 568 1223 613 et
1250 564 1450 613 variata.
1501 564 1577 613 Eo
1607 582 1723 628 quo-

163 662 258 709 que
294 646 418 695 vitio
454 646 603 695 nimis
640 646 839 695 illorum
874 646 993 695 libri
1029 646 1281 710 laborant,
1318 646 1450 710 quod
1486 663 1563 710 ea,
1599 663 1723 710 quae

163 744 254 790 per
296 745 348 776 se
392 727 503 791 ipsa
546 730 742 791 patent,
787 727 1127 777 demonstrant
1160 745 1251 776 nec
1286 727 1388 776 ullo
1426 727 1595 776 ordine
1633 727 1724 778 dis-

163 809 329 872 posita
358 812 649 872 proponunt
679 807 817 875 (IV):
855 826 979 872 quae
1009 809 1208 872 quidem
1237 809 1298 856 ad
1327 809 1568 872 plurimos
1598 826 1724 858 com—

162 889 432 938 mentarios
471 889 688 953 pertinet
723 888 1089 955 vituperatio.¹)
1158 889 1310 939 Velut
1346 907 1436 954 per
1471 907 1522 938 se
1559 890 1726 954 ipsum

163 973 305 1033 patet
340 970 583 1034 facileque
620 970 720 1018 illis
757 971 1051 1019 concedetur
1086 971 1233 1020 certis
1270 971 1568 1035 quibusdam
1602 971 1724 1020 locis

164 1069 220 1100 ac
263 1051 577 1115 temporibus
620 1055 777 1100 artem
819 1051 1007 1100 nullam
1044 1051 1313 1115 exstitisse,
1356 1051 1397 1101 si
1434 1052 1566 1116 apud
1602 1069 1726 1116 quos

163 1133 242 1181 vel
272 1133 455 1196 quibus
484 1133 796 1195 temporibus
820 1133 1067 1181 scribendi
1092 1136 1248 1182 artem
1270 1133 1423 1182 fuisse
1444 1134 1726 1199 negandum

164 1214 250 1278 sit,
300 1213 435 1277 apud
479 1230 562 1262 eos
604 1231 666 1262 ne
711 1217 841 1262 artes
885 1213 1084 1277 quidem
1125 1214 1307 1262 litteris
1350 1214 1605 1263 mandatas
1649 1214 1725 1263 de-

164 1299 466 1344 monstrasse
488 1295 801 1343 videbuntur.
842 1295 1069 1358 Denique
1090 1294 1169 1343 vel
1192 1312 1361 1343 omnes
1382 1294 1461 1343 vel
1482 1294 1725 1359 plurimae

165 1376 623 1442 argumentationes
666 1376 745 1424 vel
788 1376 1031 1425 concessis
1075 1376 1360 1439 praemissis
1402 1393 1503 1425 non
1537 1376 1589 1425 id
1625 1377 1725 1425 effi-

165 1459 318 1523 ciunt,
349 1458 481 1522 quod
510 1458 560 1521 ii,
590 1458 675 1521 qui
705 1457 816 1505 illas
846 1460 1245 1521 composuerunt,
1273 1457 1509 1506 volebant
1531 1457 1726 1507 demon-

165 1540 324 1589 strari.
384 1539 525 1597 Quod
562 1539 693 1587 enim
729 1538 907 1587 accidit
942 1539 994 1587 in
1030 1538 1229 1603 musica,
1265 1542 1321 1587 ut
1350 1539 1391 1588 si
1421 1539 1584 1589 minus
1613 1539 1726 1589 scri-

165 1620 316 1670 bendi
351 1620 431 1669 vel
465 1620 663 1686 legendi
699 1637 778 1669 ars
814 1619 927 1667 inde
962 1622 1206 1682 nascatur,
1242 1622 1293 1667 at
1326 1618 1533 1668 aliarum
1561 1637 1725 1669 rerum

165 1703 372 1751 scientia
409 1719 514 1751 esse
552 1702 727 1766 possit,
763 1701 893 1750 idem
929 1718 1021 1750 usu
1057 1701 1193 1749 venit
1228 1700 1282 1749 in
1317 1700 1576 1765 rhetorica,
1610 1702 1727 1750 licet

166 1784 372 1848 politica
403 1786 452 1832 et
482 1800 601 1831 usus
630 1782 840 1832 forensis
870 1782 1008 1830 illinc
1035 1798 1137 1830 non
1167 1780 1410 1830 efficiatur
1434 1779 1537 1847 (V).
1574 1781 1727 1831 Recte

167 1868 334 1913 autem
377 1863 583 1927 iudicat,
628 1863 713 1927 qui
749 1863 1007 1927 politicam
1041 1879 1142 1911 non
1179 1879 1239 1910 ex
1276 1861 1548 1925 sophistica
1584 1879 1727 1926 quae-

166 1946 370 1995 rendam
411 1948 589 1993 censet.
660 1944 765 1992 Iam
801 1947 857 1991 ut
895 1942 1149 1991 dialectica
1184 1960 1263 1991 ars
1300 1945 1394 2006 est,
1436 1960 1526 1992 nec
1561 1946 1728 1992 tamen

167 2028 438 2093 quidquam
481 2043 572 2090 per
615 2043 666 2074 se
703 2025 813 2089 ipsa
849 2024 1063 2089 perficit,
1105 2023 1202 2073 nisi
1239 2023 1281 2073 si
1318 2041 1430 2073 cum
1466 2024 1641 2074 ethicis
1677 2027 1727 2073 et

167 2109 391 2174 physicis
435 2107 810 2171 quaestionibus
854 2106 1115 2156 coniuncta
1159 2106 1474 2171 exhibeatur,
1516 2106 1587 2155 ita
1621 2106 1727 2155 rhe-

166 2191 323 2241 torica
359 2189 446 2237 illa
482 2189 681 2252 quidem
717 2206 795 2237 ars
826 2191 914 2252 est,
951 2188 1036 2236 sed
1063 2187 1160 2236 nisi
1191 2204 1302 2237 cum
1331 2188 1480 2236 rebus
1509 2186 1728 2252 politicis

167 2288 353 2321 conexa
398 2287 606 2333 operum
650 2270 818 2333 opifex
863 2269 1072 2317 existere
1115 2286 1215 2317 non
1258 2272 1438 2332 potest.
1507 2267 1728 2316 Plurima

168 2354 300 2403 enim
336 2354 629 2418 argumenta
665 2350 971 2399 extrinsecus
1007 2349 1167 2414 petita
1203 2366 1308 2399 esse
1345 2351 1566 2414 apparet.

270 2434 397 2485 Sunt
433 2435 642 2483 fortasse
680 2433 776 2481 alia
813 2432 962 2481 etiam
997 2432 1232 2481 vitiorum
1268 2448 1469 2498 genera,
1507 2446 1631 2495 quae
1667 2427 1731 2491 ad

167 2518 281 2565 illos
329 2517 488 2564 libros
538 2516 839 2579 pertineant:
893 2531 982 2563 nec
1032 2517 1199 2562 tamen
1241 2515 1302 2561 ad
1345 2529 1563 2577 unguem
1604 2526 1728 2559 rese-

280 2693 319 2743 1)
351 2705 391 2744 p.
416 2696 453 2743 8,
485 2694 536 2731 38
568 2688 712 2741 colon,
744 2693 781 2741 8,
812 2694 835 2730 3
865 2690 1073 2740 punctum
1101 2688 1346 2740 ponendum
1376 2688 1454 2728 est.
