<?xml version="1.0" encoding="UTF-8"?>
<!DOCTYPE html PUBLIC "-//W3C//DTD XHTML 1.0 Transitional//EN"
    "http://www.w3.org/TR/xhtml1/DTD/xhtml1-transitional.dtd">
<html xmlns="http://www.w3.org/1999/xhtml" xml:lang="en" lang="en">
 <head>
  <title>
</title>
<meta http-equiv="Content-Type" content="text/html;charset=utf-8" />
  <meta name='ocr-system' content='tesseract 3.04.00' />
  <meta name='ocr-capabilities' content='ocr_page ocr_carea ocr_par ocr_line ocrx_word'/>
</head>
<body>
  <div class='ocr_page' id='page_1' title='image "4737204_0024.png"; bbox 0 0 1880 3021; ppageno 0'>
   <div class='ocr_carea' id='block_1_1' title="bbox 162 202 1729 997">
    <p class='ocr_par' dir='ltr' id='par_1_1' title="bbox 162 202 1729 997">
     <span class='ocr_line' id='line_1_1' title="bbox 162 202 1727 272; baseline 0.004 -20"><span class='ocrx_word' id='word_1_1' title='bbox 162 203 269 252; x_wconf 91' lang='lat' dir='ltr'>curi</span> <span class='ocrx_word' id='word_1_2' title='bbox 300 203 598 252; x_wconf 75' lang='lat' dir='ltr'>sententiam</span> <span class='ocrx_word' id='word_1_3' title='bbox 628 202 793 251; x_wconf 91' lang='lat' dir='ltr'>eliciat</span> <span class='ocrx_word' id='word_1_4' title='bbox 823 206 873 251; x_wconf 89' lang='lat' dir='ltr'>et</span> <span class='ocrx_word' id='word_1_5' title='bbox 904 219 1043 252; x_wconf 87' lang='lat' dir='ltr'>suam</span> <span class='ocrx_word' id='word_1_6' title='bbox 1073 219 1184 252; x_wconf 94' lang='lat' dir='ltr'>cum</span> <span class='ocrx_word' id='word_1_7' title='bbox 1205 203 1425 267; x_wconf 79' lang='lat' dir='ltr'>Epicuro</span> <span class='ocrx_word' id='word_1_8' title='bbox 1456 220 1727 272; x_wconf 80' lang='lat' dir='ltr'>congruere</span> 
     </span>
     <span class='ocr_line' id='line_1_2' title="bbox 163 283 1724 353; baseline 0.004 -20"><span class='ocrx_word' id='word_1_9' title='bbox 163 284 356 348; x_wconf 89' lang='lat' dir='ltr'>probet.</span> <span class='ocrx_word' id='word_1_10' title='bbox 401 284 592 333; x_wconf 85' lang='lat' dir='ltr'>Eodem</span> <span class='ocrx_word' id='word_1_11' title='bbox 614 283 848 348; x_wconf 89' lang='lat' dir='ltr'>pertinet,</span> <span class='ocrx_word' id='word_1_12' title='bbox 870 284 1003 348; x_wconf 91' lang='lat' dir='ltr'>quod</span> <span class='ocrx_word' id='word_1_13' title='bbox 1023 283 1344 333; x_wconf 72' lang='lat' dir='ltr'>Philodemus</span> <span class='ocrx_word' id='word_1_14' title='bbox 1367 302 1414 348; x_wconf 90' lang='lat' dir='ltr'>p.</span> <span class='ocrx_word' id='word_1_15' title='bbox 1439 286 1518 350; x_wconf 88' lang='lat'>97,</span> <span class='ocrx_word' id='word_1_16' title='bbox 1543 289 1603 336; x_wconf 84' lang='lat'>17</span> <span class='ocrx_word' id='word_1_17' title='bbox 1619 305 1724 353; x_wconf 85' lang='lat' dir='ltr'><strong>sqq.</strong></span> 
     </span>
     <span class='ocr_line' id='line_1_3' title="bbox 164 364 1725 431; baseline 0.003 -18"><span class='ocrx_word' id='word_1_18' title='bbox 164 365 389 428; x_wconf 90' lang='lat' dir='ltr'>disputat</span> <span class='ocrx_word' id='word_1_19' title='bbox 424 381 526 413; x_wconf 90' lang='lat' dir='ltr'>non</span> <span class='ocrx_word' id='word_1_20' title='bbox 563 382 623 413; x_wconf 84' lang='lat' dir='ltr'>ex</span> <span class='ocrx_word' id='word_1_21' title='bbox 655 364 891 413; x_wconf 83' lang='lat' dir='ltr'>Convivio</span> <span class='ocrx_word' id='word_1_22' title='bbox 928 365 1007 413; x_wconf 85' lang='lat' dir='ltr'>vel</span> <span class='ocrx_word' id='word_1_23' title='bbox 1043 382 1104 413; x_wconf 82' lang='lat' dir='ltr'>ex</span> <span class='ocrx_word' id='word_1_24' title='bbox 1132 365 1277 413; x_wconf 91' lang='lat' dir='ltr'>libris</span> <span class='ocrx_word' id='word_1_25' title='bbox 1305 366 1421 427; x_wconf 83' lang='grc' dir='ltr'><strong><em>περὶ</em></strong></span> <span class='ocrx_word' id='word_1_26' title='bbox 1448 368 1579 429; x_wconf 86' lang='grc' dir='ltr'><em>βίων</em></span> <span class='ocrx_word' id='word_1_27' title='bbox 1606 367 1725 431; x_wconf 87' lang='lat' dir='ltr'>Epi-</span> 
     </span>
     <span class='ocr_line' id='line_1_4' title="bbox 165 445 1725 510; baseline 0.003 -16"><span class='ocrx_word' id='word_1_28' title='bbox 165 445 268 494; x_wconf 92' lang='lat' dir='ltr'>curi</span> <span class='ocrx_word' id='word_1_29' title='bbox 315 445 373 494; x_wconf 94' lang='lat' dir='ltr'>de</span> <span class='ocrx_word' id='word_1_30' title='bbox 416 445 664 494; x_wconf 85' lang='lat' dir='ltr'>rhetorica</span> <span class='ocrx_word' id='word_1_31' title='bbox 707 445 1005 495; x_wconf 72' lang='lat' dir='ltr'>sententiam</span> <span class='ocrx_word' id='word_1_32' title='bbox 1046 445 1215 510; x_wconf 91' lang='lat' dir='ltr'>quaeri</span> <span class='ocrx_word' id='word_1_33' title='bbox 1252 447 1501 510; x_wconf 79' lang='lat' dir='ltr'>oportere,</span> <span class='ocrx_word' id='word_1_34' title='bbox 1543 448 1629 495; x_wconf 87' lang='lat' dir='ltr'>sed</span> <span class='ocrx_word' id='word_1_35' title='bbox 1665 466 1725 498; x_wconf 89' lang='lat' dir='ltr'>ex</span> 
     </span>
     <span class='ocr_line' id='line_1_5' title="bbox 163 526 1727 590; baseline 0.002 -16"><span class='ocrx_word' id='word_1_36' title='bbox 163 527 274 590; x_wconf 89' lang='lat' dir='ltr'>ipso</span> <span class='ocrx_word' id='word_1_37' title='bbox 313 527 371 574; x_wconf 94' lang='lat' dir='ltr'>de</span> <span class='ocrx_word' id='word_1_38' title='bbox 407 527 654 576; x_wconf 89' lang='lat' dir='ltr'>rhetorica</span> <span class='ocrx_word' id='word_1_39' title='bbox 688 527 832 576; x_wconf 91' lang='lat' dir='ltr'>libro.</span> <span class='ocrx_word' id='word_1_40' title='bbox 889 526 1063 590; x_wconf 90' lang='lat' dir='ltr'>Itaque</span> <span class='ocrx_word' id='word_1_41' title='bbox 1099 543 1255 590; x_wconf 89' lang='lat' dir='ltr'>paene</span> <span class='ocrx_word' id='word_1_42' title='bbox 1292 530 1482 576; x_wconf 90' lang='lat' dir='ltr'>certum</span> <span class='ocrx_word' id='word_1_43' title='bbox 1511 531 1586 576; x_wconf 87' lang='lat' dir='ltr'>est</span> <span class='ocrx_word' id='word_1_44' title='bbox 1613 528 1727 577; x_wconf 87' lang='lat' dir='ltr'>Phi-</span> 
     </span>
     <span class='ocr_line' id='line_1_6' title="bbox 163 607 1725 673; baseline 0.001 -17"><span class='ocrx_word' id='word_1_45' title='bbox 163 608 416 657; x_wconf 92' lang='lat' dir='ltr'>lodemum</span> <span class='ocrx_word' id='word_1_46' title='bbox 457 607 702 671; x_wconf 82' lang='lat' dir='ltr'>respicere</span> <span class='ocrx_word' id='word_1_47' title='bbox 744 608 885 673; x_wconf 88' lang='lat' dir='ltr'>haec,</span> <span class='ocrx_word' id='word_1_48' title='bbox 936 624 1060 672; x_wconf 89' lang='lat' dir='ltr'>quae</span> <span class='ocrx_word' id='word_1_49' title='bbox 1104 607 1270 657; x_wconf 84' lang='lat' dir='ltr'>Stoico</span> <span class='ocrx_word' id='word_1_50' title='bbox 1312 608 1477 658; x_wconf 91' lang='lat' dir='ltr'>nescio</span> <span class='ocrx_word' id='word_1_51' title='bbox 1522 608 1600 658; x_wconf 92' lang='lat' dir='ltr'>cui</span> <span class='ocrx_word' id='word_1_52' title='bbox 1642 610 1725 658; x_wconf 92' lang='lat' dir='ltr'>tri-</span> 
     </span>
     <span class='ocr_line' id='line_1_7' title="bbox 165 689 1727 754; baseline 0.001 -17"><span class='ocrx_word' id='word_1_53' title='bbox 165 690 431 737; x_wconf 88' lang='lat' dir='ltr'>bueramus</span> <span class='ocrx_word' id='word_1_54' title='bbox 482 690 781 754; x_wconf 86' lang='lat' dir='ltr'>fragmenta:</span> <span class='ocrx_word' id='word_1_55' title='bbox 832 706 988 752; x_wconf 91' lang='lat' dir='ltr'>paene</span> <span class='ocrx_word' id='word_1_56' title='bbox 1039 692 1228 737; x_wconf 92' lang='lat' dir='ltr'>certum</span> <span class='ocrx_word' id='word_1_57' title='bbox 1272 692 1346 737; x_wconf 91' lang='lat' dir='ltr'>est</span> <span class='ocrx_word' id='word_1_58' title='bbox 1387 689 1519 737; x_wconf 91' lang='lat' dir='ltr'>hunc</span> <span class='ocrx_word' id='word_1_59' title='bbox 1560 689 1727 752; x_wconf 92' lang='lat' dir='ltr'>ipsum</span> 
     </span>
     <span class='ocr_line' id='line_1_8' title="bbox 163 769 1727 834; baseline 0.001 -16"><span class='ocrx_word' id='word_1_60' title='bbox 163 769 394 818; x_wconf 89' lang='lat' dir='ltr'>libellum</span> <span class='ocrx_word' id='word_1_61' title='bbox 438 787 497 818; x_wconf 85' lang='lat' dir='ltr'>ex</span> <span class='ocrx_word' id='word_1_62' title='bbox 539 769 829 833; x_wconf 83' lang='lat' dir='ltr'>philosophi</span> <span class='ocrx_word' id='word_1_63' title='bbox 865 770 1024 818; x_wconf 92' lang='lat' dir='ltr'>nostri</span> <span class='ocrx_word' id='word_1_64' title='bbox 1061 770 1367 819; x_wconf 85' lang='lat' dir='ltr'>bibliotheca</span> <span class='ocrx_word' id='word_1_65' title='bbox 1404 787 1529 834; x_wconf 89' lang='lat' dir='ltr'>esse,</span> <span class='ocrx_word' id='word_1_66' title='bbox 1572 787 1727 833; x_wconf 91' lang='lat' dir='ltr'>eoque</span> 
     </span>
     <span class='ocr_line' id='line_1_9' title="bbox 166 850 1729 916; baseline 0.001 -17"><span class='ocrx_word' id='word_1_67' title='bbox 166 850 285 899; x_wconf 89' lang='lat' dir='ltr'>olim</span> <span class='ocrx_word' id='word_1_68' title='bbox 321 850 517 899; x_wconf 89' lang='lat' dir='ltr'>illatum</span> <span class='ocrx_word' id='word_1_69' title='bbox 550 867 669 915; x_wconf 91' lang='lat' dir='ltr'>esse,</span> <span class='ocrx_word' id='word_1_70' title='bbox 706 854 762 899; x_wconf 92' lang='lat' dir='ltr'>ut</span> <span class='ocrx_word' id='word_1_71' title='bbox 791 851 1102 900; x_wconf 81' lang='lat' dir='ltr'>refutaretur.</span> <span class='ocrx_word' id='word_1_72' title='bbox 1161 850 1380 916; x_wconf 83' lang='lat' dir='ltr'>Cumque</span> <span class='ocrx_word' id='word_1_73' title='bbox 1409 851 1502 900; x_wconf 87' lang='lat' dir='ltr'>hac</span> <span class='ocrx_word' id='word_1_74' title='bbox 1531 868 1729 915; x_wconf 93' lang='lat' dir='ltr'>quoque</span> 
     </span>
     <span class='ocr_line' id='line_1_10' title="bbox 164 932 1728 997; baseline 0.001 -17"><span class='ocrx_word' id='word_1_75' title='bbox 164 933 244 980; x_wconf 91' lang='lat' dir='ltr'>via</span> <span class='ocrx_word' id='word_1_76' title='bbox 286 933 339 981; x_wconf 94' lang='lat' dir='ltr'>in</span> <span class='ocrx_word' id='word_1_77' title='bbox 375 932 653 980; x_wconf 85' lang='lat' dir='ltr'>Philodemi</span> <span class='ocrx_word' id='word_1_78' title='bbox 697 932 1056 981; x_wconf 89' lang='lat' dir='ltr'>bibliothecam</span> <span class='ocrx_word' id='word_1_79' title='bbox 1090 933 1255 981; x_wconf 87' lang='lat' dir='ltr'>reduci</span> <span class='ocrx_word' id='word_1_80' title='bbox 1291 933 1587 997; x_wconf 83' lang='lat' dir='ltr'>videremur,</span> <span class='ocrx_word' id='word_1_81' title='bbox 1628 932 1728 981; x_wconf 89' lang='lat' dir='ltr'>iam</span> 
     </span>
    </p>
   </div>
   <div class='ocr_carea' id='block_1_2' title="bbox 163 1014 1744 1078">
    <p class='ocr_par' dir='ltr' id='par_1_2' title="bbox 163 1014 1744 1078">
     <span class='ocr_line' id='line_1_11' title="bbox 163 1014 1744 1078; baseline 0.002 -15"><span class='ocrx_word' id='word_1_82' title='bbox 163 1031 265 1063; x_wconf 92' lang='lat' dir='ltr'>non</span> <span class='ocrx_word' id='word_1_83' title='bbox 322 1014 615 1063; x_wconf 90' lang='lat' dir='ltr'>temerarius</span> <span class='ocrx_word' id='word_1_84' title='bbox 664 1014 787 1063; x_wconf 91' lang='lat' dir='ltr'>mihi</span> <span class='ocrx_word' id='word_1_85' title='bbox 837 1014 1061 1078; x_wconf 85' lang='lat' dir='ltr'>videbar,</span> <span class='ocrx_word' id='word_1_86' title='bbox 1121 1014 1251 1078; x_wconf 93' lang='lat' dir='ltr'>quod</span> <span class='ocrx_word' id='word_1_87' title='bbox 1301 1030 1619 1078; x_wconf 89' lang='lat' dir='ltr'>quaecunque</span> <span class='ocrx_word' id='word_1_88' title='bbox 1669 1014 1744 1066; x_wconf 86' lang='lat' dir='ltr'>de.</span> 
     </span>
    </p>
   </div>
   <div class='ocr_carea' id='block_1_3' title="bbox 163 1095 1728 1307">
    <p class='ocr_par' dir='ltr' id='par_1_3' title="bbox 163 1095 1728 1307">
     <span class='ocr_line' id='line_1_12' title="bbox 164 1095 1728 1162; baseline -0.001 -18"><span class='ocrx_word' id='word_1_89' title='bbox 164 1096 412 1145; x_wconf 90' lang='lat' dir='ltr'>rhetorica</span> <span class='ocrx_word' id='word_1_90' title='bbox 462 1096 514 1144; x_wconf 92' lang='lat' dir='ltr'>in</span> <span class='ocrx_word' id='word_1_91' title='bbox 556 1095 850 1162; x_wconf 85' lang='lat' dir='ltr'>fragmentis</span> <span class='ocrx_word' id='word_1_92' title='bbox 894 1098 1087 1158; x_wconf 84' lang='lat' dir='ltr'>servata</span> <span class='ocrx_word' id='word_1_93' title='bbox 1130 1099 1245 1144; x_wconf 91' lang='lat' dir='ltr'>sunt</span> <span class='ocrx_word' id='word_1_94' title='bbox 1295 1096 1383 1161; x_wconf 85' lang='lat'>(=</span> <span class='ocrx_word' id='word_1_95' title='bbox 1427 1095 1570 1144; x_wconf 92' lang='lat' dir='ltr'>Herc.</span> <span class='ocrx_word' id='word_1_96' title='bbox 1612 1095 1728 1144; x_wconf 86' lang='lat' dir='ltr'>voll.</span> 
     </span>
     <span class='ocr_line' id='line_1_13' title="bbox 164 1175 1728 1241; baseline -0.001 -16"><span class='ocrx_word' id='word_1_97' title='bbox 164 1175 455 1241; x_wconf 70' lang='lat' dir='ltr'>V12—XI2),</span> <span class='ocrx_word' id='word_1_98' title='bbox 491 1176 782 1240; x_wconf 90' lang='lat' dir='ltr'>priusquam</span> <span class='ocrx_word' id='word_1_99' title='bbox 819 1176 1121 1224; x_wconf 88' lang='lat' dir='ltr'>contrarium</span> <span class='ocrx_word' id='word_1_100' title='bbox 1159 1177 1579 1240; x_wconf 85' lang='lat' dir='ltr'>comprobaretur,</span> <span class='ocrx_word' id='word_1_101' title='bbox 1614 1176 1728 1223; x_wconf 89' lang='lat' dir='ltr'>Phi-</span> 
     </span>
     <span class='ocr_line' id='line_1_14' title="bbox 163 1257 722 1307; baseline -0.002 0"><span class='ocrx_word' id='word_1_102' title='bbox 163 1258 360 1307; x_wconf 91' lang='lat' dir='ltr'>lodemo</span> <span class='ocrx_word' id='word_1_103' title='bbox 397 1257 722 1307; x_wconf 80' lang='lat' dir='ltr'>vindicabam.</span> 
     </span>
    </p>
   </div>
   <div class='ocr_carea' id='block_1_4' title="bbox 414 1466 1490 1523">
    <p class='ocr_par' dir='ltr' id='par_1_4' title="bbox 414 1466 1490 1523">
     <span class='ocr_line' id='line_1_15' title="bbox 414 1466 1490 1523; baseline -0.001 -13"><span class='ocrx_word' id='word_1_104' title='bbox 414 1471 489 1510; x_wconf 87' lang='lat' dir='ltr'>De</span> <span class='ocrx_word' id='word_1_105' title='bbox 525 1468 819 1511; x_wconf 83' lang='lat' dir='ltr'>Philodemi</span> <span class='ocrx_word' id='word_1_106' title='bbox 856 1479 1013 1521; x_wconf 84' lang='lat' dir='ltr'>opere</span> <span class='ocrx_word' id='word_1_107' title='bbox 1049 1470 1166 1523; x_wconf 82' lang='grc' dir='ltr'><strong><em>περὶ</em></strong></span> <span class='ocrx_word' id='word_1_108' title='bbox 1202 1466 1490 1523; x_wconf 78' lang='grc' dir='ltr'><strong><em>ῥητορικῆς.</em></strong></span> 
     </span>
    </p>
   </div>
   <div class='ocr_carea' id='block_1_5' title="bbox 164 1582 1730 2698">
    <p class='ocr_par' dir='ltr' id='par_1_5' title="bbox 164 1582 1730 2698">
     <span class='ocr_line' id='line_1_16' title="bbox 268 1582 1730 1646; baseline 0.001 -15"><span class='ocrx_word' id='word_1_109' title='bbox 268 1583 536 1632; x_wconf 89' lang='lat' dir='ltr'>Volumina</span> <span class='ocrx_word' id='word_1_110' title='bbox 578 1583 699 1632; x_wconf 90' lang='lat' dir='ltr'>haec</span> <span class='ocrx_word' id='word_1_111' title='bbox 742 1583 803 1631; x_wconf 90' lang='lat' dir='ltr'>ad</span> <span class='ocrx_word' id='word_1_112' title='bbox 840 1582 1017 1632; x_wconf 82' lang='lat' dir='ltr'>Gaium</span> <span class='ocrx_word' id='word_1_113' title='bbox 1054 1583 1298 1646; x_wconf 89' lang='lat' dir='ltr'>quendam</span> <span class='ocrx_word' id='word_1_114' title='bbox 1334 1600 1543 1646; x_wconf 91' lang='lat' dir='ltr'>puerum</span> <span class='ocrx_word' id='word_1_115' title='bbox 1578 1583 1730 1632; x_wconf 87' lang='lat' dir='ltr'>missa</span> 
     </span>
     <span class='ocr_line' id='line_1_17' title="bbox 166 1664 1727 1730; baseline 0 -16"><span class='ocrx_word' id='word_1_116' title='bbox 166 1668 302 1730; x_wconf 91' lang='lat' dir='ltr'>sunt,</span> <span class='ocrx_word' id='word_1_117' title='bbox 346 1666 404 1714; x_wconf 90' lang='lat' dir='ltr'>cf.</span> <span class='ocrx_word' id='word_1_118' title='bbox 443 1683 490 1729; x_wconf 93' lang='lat' dir='ltr'>p.</span> <span class='ocrx_word' id='word_1_119' title='bbox 521 1666 642 1728; x_wconf 83' lang='lat'>223,</span> <span class='ocrx_word' id='word_1_120' title='bbox 680 1666 723 1714; x_wconf 85' lang='lat'>5.</span> <span class='ocrx_word' id='word_1_121' title='bbox 796 1664 927 1723; x_wconf 84' lang='lat' dir='ltr'>Quot</span> <span class='ocrx_word' id='word_1_122' title='bbox 968 1664 1087 1713; x_wconf 91' lang='lat' dir='ltr'>libri</span> <span class='ocrx_word' id='word_1_123' title='bbox 1130 1664 1335 1729; x_wconf 87' lang='lat' dir='ltr'>fuerint,</span> <span class='ocrx_word' id='word_1_124' title='bbox 1378 1682 1478 1714; x_wconf 93' lang='lat' dir='ltr'>non</span> <span class='ocrx_word' id='word_1_125' title='bbox 1521 1668 1727 1714; x_wconf 86' lang='lat' dir='ltr'>constat.</span> 
     </span>
     <span class='ocr_line' id='line_1_18' title="bbox 164 1745 1728 1809; baseline 0.001 -15"><span class='ocrx_word' id='word_1_126' title='bbox 164 1747 389 1795; x_wconf 88' lang='lat' dir='ltr'>Fuerunt</span> <span class='ocrx_word' id='word_1_127' title='bbox 445 1749 613 1795; x_wconf 90' lang='lat' dir='ltr'>autem</span> <span class='ocrx_word' id='word_1_128' title='bbox 670 1746 781 1809; x_wconf 92' lang='lat' dir='ltr'>ipso</span> <span class='ocrx_word' id='word_1_129' title='bbox 839 1749 1055 1795; x_wconf 89' lang='lat' dir='ltr'>testante</span> <span class='ocrx_word' id='word_1_130' title='bbox 1113 1749 1312 1794; x_wconf 89' lang='lat' dir='ltr'>auctore</span> <span class='ocrx_word' id='word_1_131' title='bbox 1362 1745 1530 1809; x_wconf 88' lang='lat' dir='ltr'>plures</span> <span class='ocrx_word' id='word_1_132' title='bbox 1579 1763 1728 1809; x_wconf 88' lang='lat' dir='ltr'>quam</span> 
     </span>
     <span class='ocr_line' id='line_1_19' title="bbox 166 1825 1727 1892; baseline 0.001 -17"><span class='ocrx_word' id='word_1_133' title='bbox 166 1827 398 1891; x_wconf 89' lang='lat' dir='ltr'>quinque.</span> <span class='ocrx_word' id='word_1_134' title='bbox 457 1825 527 1875; x_wconf 80' lang='lat' dir='ltr'>Cf.</span> <span class='ocrx_word' id='word_1_135' title='bbox 564 1845 612 1890; x_wconf 92' lang='lat' dir='ltr'>p.</span> <span class='ocrx_word' id='word_1_136' title='bbox 644 1828 759 1890; x_wconf 88' lang='lat'>224,</span> <span class='ocrx_word' id='word_1_137' title='bbox 792 1827 843 1876; x_wconf 85' lang='lat'>5:</span> <span class='ocrx_word' id='word_1_138' title='bbox 885 1855 942 1862; x_wconf 90' lang='lat'>-—</span> <span class='ocrx_word' id='word_1_139' title='bbox 984 1826 1040 1875; x_wconf 82' lang='grc' dir='ltr'>ἐν</span> <span class='ocrx_word' id='word_1_140' title='bbox 1076 1835 1181 1884; x_wconf 79' lang='grc' dir='ltr'><em>τοῖς</em></span> <span class='ocrx_word' id='word_1_141' title='bbox 1215 1826 1433 1891; x_wconf 80' lang='grc' dir='ltr'><strong><em>ὕστερον</em></strong></span> <span class='ocrx_word' id='word_1_142' title='bbox 1469 1839 1727 1892; x_wconf 77' lang='grc' dir='ltr'><em>γραφησο-</em></span> 
     </span>
     <span class='ocr_line' id='line_1_20' title="bbox 167 1906 1728 1973; baseline -0.001 -16"><span class='ocrx_word' id='word_1_143' title='bbox 167 1907 340 1971; x_wconf 77' lang='grc' dir='ltr'><strong><em>μένοις</em></strong></span> <span class='ocrx_word' id='word_1_144' title='bbox 384 1910 555 1971; x_wconf 79' lang='grc' dir='ltr'><em>λόγοις</em></span> <span class='ocrx_word' id='word_1_145' title='bbox 598 1907 1046 1973; x_wconf 79' lang='grc' dir='ltr'><em>ἀποθεωρήσομεν.</em></span> <span class='ocrx_word' id='word_1_146' title='bbox 1124 1906 1297 1970; x_wconf 90' lang='lat' dir='ltr'>Itaque</span> <span class='ocrx_word' id='word_1_147' title='bbox 1342 1924 1452 1955; x_wconf 91' lang='lat' dir='ltr'>cum</span> <span class='ocrx_word' id='word_1_148' title='bbox 1496 1911 1728 1970; x_wconf 87' lang='lat' dir='ltr'>quartum</span> 
     </span>
     <span class='ocr_line' id='line_1_21' title="bbox 165 1988 1728 2052; baseline 0 -15"><span class='ocrx_word' id='word_1_149' title='bbox 165 1989 352 2038; x_wconf 93' lang='lat' dir='ltr'>librum</span> <span class='ocrx_word' id='word_1_150' title='bbox 395 1988 581 2052; x_wconf 90' lang='lat' dir='ltr'>finiret,</span> <span class='ocrx_word' id='word_1_151' title='bbox 625 1988 794 2051; x_wconf 89' lang='lat' dir='ltr'>plures</span> <span class='ocrx_word' id='word_1_152' title='bbox 832 1988 1101 2037; x_wconf 90' lang='lat' dir='ltr'>etiamtunc</span> <span class='ocrx_word' id='word_1_153' title='bbox 1136 1988 1292 2037; x_wconf 94' lang='lat' dir='ltr'>libros</span> <span class='ocrx_word' id='word_1_154' title='bbox 1329 1988 1638 2037; x_wconf 91' lang='lat' dir='ltr'>conscribere</span> <span class='ocrx_word' id='word_1_155' title='bbox 1675 1989 1728 2037; x_wconf 95' lang='lat' dir='ltr'>in</span> 
     </span>
     <span class='ocr_line' id='line_1_22' title="bbox 165 2068 1728 2117; baseline 0.001 -1"><span class='ocrx_word' id='word_1_156' title='bbox 165 2070 331 2117; x_wconf 87' lang='lat' dir='ltr'>animo</span> <span class='ocrx_word' id='word_1_157' title='bbox 383 2069 617 2117; x_wconf 90' lang='lat' dir='ltr'>habebat.</span> <span class='ocrx_word' id='word_1_158' title='bbox 699 2068 823 2116; x_wconf 89' lang='lat' dir='ltr'>Mihi</span> <span class='ocrx_word' id='word_1_159' title='bbox 875 2072 1041 2117; x_wconf 91' lang='lat' dir='ltr'>autem</span> <span class='ocrx_word' id='word_1_160' title='bbox 1091 2069 1381 2117; x_wconf 86' lang='lat' dir='ltr'>varietatem</span> <span class='ocrx_word' id='word_1_161' title='bbox 1430 2069 1508 2116; x_wconf 86' lang='lat' dir='ltr'>vel</span> <span class='ocrx_word' id='word_1_162' title='bbox 1559 2086 1728 2117; x_wconf 92' lang='lat' dir='ltr'>eorum</span> 
     </span>
     <span class='ocr_line' id='line_1_23' title="bbox 165 2150 1728 2213; baseline -0.001 -15"><span class='ocrx_word' id='word_1_163' title='bbox 165 2150 473 2213; x_wconf 89' lang='lat' dir='ltr'>respicienti,</span> <span class='ocrx_word' id='word_1_164' title='bbox 518 2167 643 2212; x_wconf 90' lang='lat' dir='ltr'>quae</span> <span class='ocrx_word' id='word_1_165' title='bbox 680 2150 732 2196; x_wconf 94' lang='lat' dir='ltr'>in</span> <span class='ocrx_word' id='word_1_166' title='bbox 768 2150 1061 2213; x_wconf 85' lang='lat' dir='ltr'>fragmentis</span> <span class='ocrx_word' id='word_1_167' title='bbox 1097 2153 1394 2211; x_wconf 86' lang='lat' dir='ltr'>tractantur,</span> <span class='ocrx_word' id='word_1_168' title='bbox 1429 2150 1508 2196; x_wconf 88' lang='lat' dir='ltr'>vel</span> <span class='ocrx_word' id='word_1_169' title='bbox 1545 2166 1728 2212; x_wconf 92' lang='lat' dir='ltr'>eorum,</span> 
     </span>
     <span class='ocr_line' id='line_1_24' title="bbox 166 2229 1729 2294; baseline -0.001 -16"><span class='ocrx_word' id='word_1_170' title='bbox 166 2247 291 2294; x_wconf 91' lang='lat' dir='ltr'>quae</span> <span class='ocrx_word' id='word_1_171' title='bbox 343 2229 530 2294; x_wconf 90' lang='lat' dir='ltr'>passim</span> <span class='ocrx_word' id='word_1_172' title='bbox 581 2246 632 2278; x_wconf 94' lang='lat' dir='ltr'>se</span> <span class='ocrx_word' id='word_1_173' title='bbox 683 2232 1010 2279; x_wconf 89' lang='lat' dir='ltr'>tractaturum</span> <span class='ocrx_word' id='word_1_174' title='bbox 1057 2233 1228 2278; x_wconf 88' lang='lat' dir='ltr'>auctor</span> <span class='ocrx_word' id='word_1_175' title='bbox 1270 2229 1553 2293; x_wconf 91' lang='lat' dir='ltr'>pollicetur,</span> <span class='ocrx_word' id='word_1_176' title='bbox 1603 2245 1729 2292; x_wconf 88' lang='lat' dir='ltr'>quae</span> 
     </span>
     <span class='ocr_line' id='line_1_25' title="bbox 167 2310 1729 2374; baseline -0.001 -15"><span class='ocrx_word' id='word_1_177' title='bbox 167 2312 377 2374; x_wconf 90' lang='lat' dir='ltr'>denique</span> <span class='ocrx_word' id='word_1_178' title='bbox 408 2310 656 2359; x_wconf 89' lang='lat' dir='ltr'>continuis</span> <span class='ocrx_word' id='word_1_179' title='bbox 686 2311 892 2374; x_wconf 82' lang='lat' dir='ltr'>papyris</span> <span class='ocrx_word' id='word_1_180' title='bbox 921 2311 1103 2359; x_wconf 88' lang='lat' dir='ltr'>tradita</span> <span class='ocrx_word' id='word_1_181' title='bbox 1126 2314 1255 2373; x_wconf 89' lang='lat' dir='ltr'>sunt,</span> <span class='ocrx_word' id='word_1_182' title='bbox 1284 2311 1537 2373; x_wconf 89' lang='lat' dir='ltr'>aliquanto</span> <span class='ocrx_word' id='word_1_183' title='bbox 1560 2310 1729 2372; x_wconf 86' lang='lat' dir='ltr'>plures</span> 
     </span>
     <span class='ocr_line' id='line_1_26' title="bbox 165 2391 1729 2455; baseline 0.001 -15"><span class='ocrx_word' id='word_1_184' title='bbox 165 2393 317 2441; x_wconf 88' lang='lat' dir='ltr'>fuisse</span> <span class='ocrx_word' id='word_1_185' title='bbox 361 2392 464 2441; x_wconf 85' lang='lat' dir='ltr'>veri</span> <span class='ocrx_word' id='word_1_186' title='bbox 501 2391 662 2441; x_wconf 89' lang='lat' dir='ltr'>simile</span> <span class='ocrx_word' id='word_1_187' title='bbox 698 2391 859 2440; x_wconf 89' lang='lat' dir='ltr'>visum</span> <span class='ocrx_word' id='word_1_188' title='bbox 896 2395 983 2440; x_wconf 84' lang='lat' dir='ltr'>est.</span> <span class='ocrx_word' id='word_1_189' title='bbox 1055 2391 1308 2455; x_wconf 85' lang='lat' dir='ltr'>Quamque</span> <span class='ocrx_word' id='word_1_190' title='bbox 1345 2391 1566 2454; x_wconf 91' lang='lat' dir='ltr'>amplum</span> <span class='ocrx_word' id='word_1_191' title='bbox 1602 2409 1729 2455; x_wconf 92' lang='lat' dir='ltr'>opus</span> 
     </span>
     <span class='ocr_line' id='line_1_27' title="bbox 166 2472 1727 2537; baseline 0 -16"><span class='ocrx_word' id='word_1_192' title='bbox 166 2474 369 2521; x_wconf 92' lang='lat' dir='ltr'>molitus</span> <span class='ocrx_word' id='word_1_193' title='bbox 407 2473 486 2537; x_wconf 90' lang='lat' dir='ltr'>sit,</span> <span class='ocrx_word' id='word_1_194' title='bbox 521 2473 600 2522; x_wconf 85' lang='lat' dir='ltr'>vel</span> <span class='ocrx_word' id='word_1_195' title='bbox 637 2473 749 2521; x_wconf 91' lang='lat' dir='ltr'>inde</span> <span class='ocrx_word' id='word_1_196' title='bbox 785 2473 903 2521; x_wconf 90' lang='lat' dir='ltr'>licet</span> <span class='ocrx_word' id='word_1_197' title='bbox 939 2473 1174 2537; x_wconf 89' lang='lat' dir='ltr'>conicere,</span> <span class='ocrx_word' id='word_1_198' title='bbox 1211 2472 1343 2536; x_wconf 93' lang='lat' dir='ltr'>quod</span> <span class='ocrx_word' id='word_1_199' title='bbox 1373 2472 1558 2520; x_wconf 92' lang='lat' dir='ltr'>librum</span> <span class='ocrx_word' id='word_1_200' title='bbox 1588 2490 1727 2536; x_wconf 92' lang='lat' dir='ltr'>quar-</span> 
     </span>
     <span class='ocr_line' id='line_1_28' title="bbox 166 2553 1727 2617; baseline 0.001 -16"><span class='ocrx_word' id='word_1_201' title='bbox 166 2558 274 2601; x_wconf 92' lang='lat' dir='ltr'>tum</span> <span class='ocrx_word' id='word_1_202' title='bbox 312 2554 364 2601; x_wconf 91' lang='lat' dir='ltr'>in</span> <span class='ocrx_word' id='word_1_203' title='bbox 401 2554 520 2602; x_wconf 88' lang='lat' dir='ltr'>duas</span> <span class='ocrx_word' id='word_1_204' title='bbox 557 2557 725 2617; x_wconf 90' lang='lat' dir='ltr'>partes</span> <span class='ocrx_word' id='word_1_205' title='bbox 763 2554 973 2602; x_wconf 89' lang='lat' dir='ltr'>diremit.</span> <span class='ocrx_word' id='word_1_206' title='bbox 1038 2554 1217 2602; x_wconf 90' lang='lat' dir='ltr'>Libros</span> <span class='ocrx_word' id='word_1_207' title='bbox 1253 2556 1418 2601; x_wconf 91' lang='lat' dir='ltr'>autem</span> <span class='ocrx_word' id='word_1_208' title='bbox 1455 2553 1727 2617; x_wconf 89' lang='lat' dir='ltr'>continuos,</span> 
     </span>
     <span class='ocr_line' id='line_1_29' title="bbox 164 2633 1726 2698; baseline 0 -16"><span class='ocrx_word' id='word_1_209' title='bbox 164 2635 207 2683; x_wconf 85' lang='lat' dir='ltr'>si</span> <span class='ocrx_word' id='word_1_210' title='bbox 251 2650 502 2698; x_wconf 86' lang='lat' dir='ltr'>papyrum</span> <span class='ocrx_word' id='word_1_211' title='bbox 541 2637 671 2684; x_wconf 81' lang='lat'>1004</span> <span class='ocrx_word' id='word_1_212' title='bbox 717 2634 820 2683; x_wconf 88' lang='lat' dir='ltr'>sine</span> <span class='ocrx_word' id='word_1_213' title='bbox 864 2635 1012 2684; x_wconf 92' lang='lat' dir='ltr'>titulo</span> <span class='ocrx_word' id='word_1_214' title='bbox 1054 2634 1288 2683; x_wconf 88' lang='lat' dir='ltr'>traditam</span> <span class='ocrx_word' id='word_1_215' title='bbox 1322 2633 1611 2682; x_wconf 88' lang='lat' dir='ltr'>Philodemo</span> <span class='ocrx_word' id='word_1_216' title='bbox 1650 2633 1726 2682; x_wconf 92' lang='lat' dir='ltr'>de·</span> 
     </span>
    </p>
   </div>
   <div class='ocr_carea' id='block_1_6' title="bbox 1878 2480 1880 2650">
    <p class='ocr_par' dir='ltr' id='par_1_6' title="bbox 1878 2480 1880 2650">
     <span class='ocr_line' id='line_1_30' title="bbox 1878 2480 1880 2488; baseline 0 0"><span class='ocrx_word' id='word_1_217' title='bbox 1878 2480 1880 2488; x_wconf 92' lang='grc' dir='ltr'>ι</span> 
     </span>
     <span class='ocr_line' id='line_1_31' title="bbox 1878 2637 1880 2650; baseline 0 0"><span class='ocrx_word' id='word_1_218' title='bbox 1878 2637 1880 2650; x_wconf 53' lang='lat' dir='ltr'>l</span> 
     </span>
    </p>
   </div>
  </div>
 </body>
</html>
