1880 3021
806 73 1141 122 „32-

118 202 120 204 ’
191 196 350 240 artem
380 209 485 241 esse
514 194 772 256 probatur,
800 193 987 258 legitur
1015 194 1096 257 31,
1121 194 1276 256 3--73
1312 192 1467 240 altera
1496 192 1577 257 35,
1602 187 1780 258 1——53‘

191 273 341 322 tertia
363 274 443 337 36,
464 274 688 338 24—283
726 276 902 338 quarta
923 274 1004 337 40,
1029 274 1248 338 18—243
1286 273 1460 342 quinta
1476 274 1562 337 42,
1583 273 1754 324 5—10

192 358 243 402 et
282 356 503 418 12—-163
539 358 680 403 sexta
715 357 796 418 44,
828 356 1041 405 16—21.
1082 384 1140 391 —
1797 416 1800 418 ‚

295 434 429 493 Quae
459 436 687 499 proxima
716 439 858 500 parte
887 437 968 500 47,
994 437 1208 499 17—-68,
1234 437 1259 484 1
1286 438 1457 484 contra
1478 435 1752 499 Epicureos

196 515 528 580 disputantur,
564 516 617 564 in
653 534 711 565 eo
748 517 961 565 maxime
997 520 1270 580 versantur,
1306 517 1438 579 quod
1466 516 1754 578 rhetoricae,

194 596 510 660 sophisticae,
546 597 780 661 politicae
815 597 1045 647 notiones
1079 613 1181 646 non
1216 596 1337 646 satis
1373 596 1753 662 distinguantur.

193 676 409 725 Interest
465 681 633 726 autem
689 678 819 726 inter
870 681 1060 726 ceteros
1111 681 1162 725 et
1210 678 1487 741 Bromium,
1543 677 1755 725 amicum

193 758 493 823 Philodemi,
545 777 756 822 quorum
799 760 873 808 illi
916 776 1016 808 non
1058 759 1130 808 ita
1172 759 1385 808 multum
1428 759 1491 807 ab
1536 757 1754 822 Epicuro

197 839 457 888 dissentire
493 840 736 903 videntur,
771 841 852 888 hic
888 842 990 888 fere
1028 840 1260 889 omnibus
1297 840 1555 903 discrepat.
1620 829 1622 831 ⁵

297 919 403 968 Iam
432 920 589 968 altera
617 921 764 970 huius
794 921 913 970 libri
943 924 1085 985 parte
1116 921 1330 984 scriptor
1351 937 1465 969 suas
1487 919 1756 970 sententias

197 1001 401 1064 profert.
480 1000 538 1050 In
588 1018 685 1065 quo
730 1019 842 1050 cum
886 1005 1170 1066 quaeratur,
1220 1002 1348 1050 sitne
1391 1001 1636 1056 rhetorica
1678 1018 1757 1050 ars

195 1099 364 1145 necne,
400 1082 519 1146 quid
549 1083 614 1132 sit
643 1101 735 1148 ars,
772 1083 1028 1147 aptissime
1059 1083 1302 1131 definitur.
1352 1082 1564 1131 Abiecta
1592 1085 1758 1132 autem

197 1164 283 1212 illa
325 1164 516 1229 volgari
560 1182 674 1213 vera
717 1182 796 1213 ars
839 1165 931 1213 hac
975 1164 1259 1213 definitione
1297 1162 1640 1229 distinguitur:
1683 1167 1758 1213 est

198 1245 330 1294 enim
366 1245 466 1304 ἕξις
501 1246 532 1310 ἢ
570 1247 804 1305 διάθεσις
836 1246 934 1297 ἀπὸ
963 1248 1354 1311 παρατηρήσεως
1382 1255 1537 1296 τινῶν
1565 1253 1754 1295 κοινῶν

198 1326 282 1377 καὶ
339 1329 701 1392 στοιχειωδῶν,
762 1329 793 1377 ἃ
853 1329 938 1377 διὰ
993 1330 1248 1378 πλειόνων
1305 1329 1467 1391 διήκει
1518 1335 1622 1376 τῶν
1675 1325 1756 1376 ἐπὶ

198 1408 385 1473 μέρους
427 1410 909 1473 καταλαμβάνουσα
927 1428 980 1458 τε
1024 1408 1108 1458 καὶ
1152 1413 1469 1458 συντελοῦσα
1501 1416 1753 1471 τοιοῦτον,

200 1483 313 1539 οἶον
371 1490 561 1553 ὁμοίως
616 1498 718 1540 τῶν
774 1492 841 1555 μὴ
892 1493 1168 1555 μαθόντων
1218 1490 1441 1554 οὐθείς,
1481 1488 1758 1554 ἑστηκότως

198 1569 282 1619 καὶ
327 1573 545 1634 βεβαίως
594 1569 716 1620 οὐδε
766 1579 1103 1636 στοχαστικῶς
1152 1572 1237 1635 69,
1273 1572 1475 1634 5-70,
1514 1571 1590 1620 15.
1669 1569 1757 1619 Oui

199 1651 399 1715 quidem
442 1652 719 1701 definitioni
762 1651 1035 1716 sophistica
1079 1651 1340 1716 satisfacit,
1381 1667 1482 1699 non
1517 1651 1757 1700 satisfacit

198 1733 416 1796 politica.
490 1732 559 1781 Cf.
599 1735 678 1798 76,
710 1735 769 1782 11
786 1751 891 1797 sqq.

302 1814 545 1873 Quoniam
587 1819 754 1864 autem
789 1814 1037 1879 Epicureo
1079 1832 1249 1865 verum
1286 1814 1620 1864 demonstrare
1656 1815 1756 1863 fere

199 1895 330 1944 idem
371 1899 446 1944 est
482 1899 631 1960 atque
668 1896 944 1960 Epicurum
979 1896 1118 1960 sequi
1156 1899 1205 1944 et
1242 1896 1548 1960 coryphaeos
1585 1899 1757 1957 sectae,

199 1977 272 2024 nil
309 1977 563 2039 antiquius
599 1978 766 2041 habet,
805 1995 953 2041 quam
989 1982 1045 2026 ut
1082 1964 1311 2041 explicet,
1348 1977 1530 2040 quibus
1558 1977 1680 2026 locis
1710 1979 1757 2024 et

200 2058 507 2123 argumentis
543 2058 637 2107 hoc
673 2058 748 2107 illi
777 2058 964 2108 Zenoni
1000 2058 1240 2124 magistro
1274 2058 1495 2122 proferre
1523 2057 1617 2107 visi
1646 2056 1756 2106 sint.

199 2138 367 2202 Atque
409 2139 657 2202 Epicurus
707 2140 785 2188 vel
833 2140 979 2204 ipsis,
1030 2139 1212 2203 quibus
1261 2140 1496 2187 utebatur
1541 2138 1758 2198 vocibus,

202 2220 320 2283 quid
364 2220 594 2285 senserit,
637 2221 905 2287 significat,
954 2222 1038 2286 78,
1075 2218 1256 2270 2—19.
1332 2219 1666 2269 Hermarchus
1707 2217 1759 2265 in

199 2301 381 2349 litteris
417 2302 478 2349 ad
508 2302 850 2365 Theophidam
886 2301 1014 2350 datis
1051 2318 1190 2350 suam
1219 2301 1278 2349 de
1307 2301 1580 2349 rhetoricae
1610 2298 1756 2363 parti-

200 2382 295 2430 bus
348 2383 644 2431 sententiam
695 2383 947 2446 exposuit,
1000 2385 1085 2446 78,
1131 2383 1363 2445 19—85,
1410 2383 1471 2431 13
1522 2380 1623 2447 (vel
1661 2379 1757 2440 19).

200 2462 508 2526 Quamquam
550 2467 717 2513 autem
758 2481 859 2513 non
903 2463 1067 2513 omnia
1109 2463 1305 2512 restitui
1342 2465 1594 2527 poterant,
1636 2458 1758 2508 illud

199 2547 367 2591 tamen
404 2548 614 2607 apparet
644 2545 1004 2593 Hermarchum
1038 2562 1139 2593 non
1167 2548 1270 2592 tam
1301 2543 1624 2606 sophisticam
1654 2555 1757 2588 esse

199 2627 356 2673 artem
394 2641 543 2689 quam
578 2625 704 2674 nihil
742 2642 846 2675 esse
884 2625 1004 2675 artis
1040 2625 1093 2674 in
1129 2624 1387 2674 causidicis
1425 2627 1474 2673 et
1512 2622 1758 2672 contiona-
