1880 3021
207 858 258 908 Si
300 872 515 921 possem,
556 854 677 902 haec
712 851 990 901 Philodemi
1034 853 1091 901 de
1127 853 1371 902 rhetorica
1404 853 1667 921 volumina*

104 941 366 990 retinerem
416 939 466 984 et
516 937 834 983 retractarem
876 934 1044 997 potius
1089 951 1236 999 quam
1279 935 1484 983 ederem.
1561 934 1657 983 Sed

104 1021 260 1070 multa
295 1036 372 1068 me
410 1019 733 1080 commovent,
768 1019 825 1064 ut
861 1032 985 1079 quae
1020 1016 1232 1064 habeam
1267 1016 1467 1064 tandem
1503 1016 1655 1064 edam.

102 1102 232 1153 Nam
275 1103 324 1149 et
366 1114 633 1163 puerorum
675 1097 754 1146 vel
797 1097 1020 1146 educatio
1063 1098 1142 1146 vel
1184 1097 1435 1147 institutio
1478 1114 1556 1145 me
1593 1097 1655 1145 ab

103 1184 194 1231 hac
238 1180 512 1230 studiorum
555 1179 834 1228 subtilitate
877 1179 1036 1244 magis
1079 1174 1336 1244 magisque
1375 1182 1572 1228 revocat
1609 1182 1658 1226 et

103 1261 357 1326 amplioris
399 1260 627 1309 lectionis
671 1259 848 1308 cotidie
891 1263 1055 1309 movet
1101 1260 1416 1324 desiderium,
1468 1263 1516 1308 et
1552 1259 1660 1307 infi-

101 1344 196 1391 niti
240 1341 427 1390 laboris
471 1341 649 1405 aliquis
691 1341 890 1389 tandem
931 1341 1046 1389 finis
1088 1341 1341 1389 faciendus
1383 1341 1658 1403 videbatur,

105 1428 154 1471 et
183 1423 509 1487 complurium
532 1422 847 1471 contentione
871 1426 920 1470 et
943 1422 1123 1471 iudicio
1147 1422 1520 1487 philologorum
1542 1422 1656 1485 plus

104 1503 231 1552 effici
274 1520 422 1567 quam
465 1503 610 1552 unius
654 1521 804 1568 opera
847 1506 1078 1568 expertus
1122 1503 1236 1552 scio.
1306 1502 1380 1552 Ac
1423 1521 1537 1568 spes
1581 1507 1656 1552 est

101 1586 179 1634 his
215 1584 551 1634 voluminibus
582 1585 726 1634 editis
756 1585 974 1635 virorum
1003 1586 1260 1635 doctorum
1289 1585 1457 1634 oculos
1486 1585 1537 1633 in
1567 1585 1656 1645 has

101 1666 335 1730 reliquias
371 1667 591 1716 converti
628 1684 788 1732 posse,
825 1684 946 1731 quas
983 1684 1094 1716 cum
1123 1667 1184 1715 ad
1213 1666 1492 1716 scholarum
1521 1666 1656 1714 iHius

102 1748 277 1797 aetatis
305 1748 438 1796 rixas
468 1749 904 1812 contentionesque
934 1749 1133 1812 penitus
1157 1748 1525 1812 perspiciendas
1548 1752 1656 1796 tum

101 1828 162 1877 ad
203 1828 476 1878 rhetoricae
513 1829 676 1878 studia
711 1829 1002 1879 illustranda
1037 1829 1205 1895 magni
1242 1828 1391 1893 pretii
1429 1845 1534 1878 esse
1571 1845 1656 1877 ex-

100 1910 281 1958 istimo.
332 1910 557 1974 Denique
588 1911 736 1959 etiam
765 1911 823 1959 de
845 1911 1051 1974 Epicuri
1074 1910 1393 1973 philosophia
1413 1910 1653 1959 nonnulla

100 1990 212 2040 inde
250 1990 556 2041 addiscimus.

201 2072 498 2136 Priusquam
527 2076 693 2121 autem
722 2073 780 2121 de
809 2073 1017 2122 materia
1046 2076 1094 2121 et
1117 2073 1475 2137 compositione
1498 2072 1654 2120 totius

100 2154 264 2217 operis
288 2154 605 2219 disputarem,
634 2171 790 2219 pauca
812 2155 1174 2219 praemittenda
1194 2155 1502 2219 videbantur,
1529 2171 1654 2218 quae

98 2235 159 2283 ad
205 2235 371 2300 ipsum
417 2239 611 2285 textum
657 2237 922 2301 pertinent.
999 2236 1057 2286 In
1103 2254 1200 2301 quo
1244 2236 1510 2302 redigendo
1553 2253 1655 2284 non

99 2315 272 2365 dubito
310 2317 431 2381 quin
466 2318 610 2366 multi
647 2335 724 2366 me
761 2318 989 2367 audaciae
1026 2317 1357 2367 insimulaturi
1388 2317 1500 2366 sint.
1558 2317 1655 2366 Sed

97 2395 190 2445 hoc
226 2397 469 2463 inprimis,
506 2399 697 2463 opinor,
731 2399 996 2449 videndum
1026 2403 1143 2464 erat,
1180 2402 1235 2448 ut
1271 2415 1383 2447 cum
1418 2399 1655 2448 miserum

96 2477 389 2544 plerumque
426 2483 475 2528 et
511 2480 732 2529 hiantem
767 2484 961 2529 textum
996 2481 1304 2543 haberemus,
1339 2483 1507 2528 vastae
1541 2480 1655 2528 illae

94 2559 317 2626 lacunae,
361 2579 486 2626 quae
531 2563 706 2612 seriem
750 2567 800 2612 et
841 2562 1262 2611 continuationem
1298 2563 1655 2612 sententiarum

95 2642 509 2707 complexumque
545 2645 810 2693 verborum
846 2644 1145 2708 dirimerent,
1182 2644 1371 2693 coirent
1408 2649 1457 2693 et
1492 2645 1654 2708 exple-

92 2727 276 2773 rentur.
346 2725 567 2790 Cumque
605 2726 799 2776 duobus
835 2726 977 2776 malis
1014 2727 1288 2791 propositis
1324 2727 1535 2776 alterum
1571 2726 1654 2775 eli—
