1880 3021
772 81 1102 131 „26-

153 200 347 251 lustret.
404 201 535 253 Nam
566 201 650 267 qui
681 220 728 267 p.
752 204 833 266 47,
859 204 1072 266 14-68,
1097 204 1122 252 1
1157 201 1584 266 citantur,‚omnes
1615 222 1720 255 esse

156 282 432 346 Epicureos
477 287 690 348 constat,
735 284 852 348 quia
890 284 1069 332 horum
1106 284 1379 333 sententiae
1416 284 1477 332 ad
1512 284 1720 349 Epicuri

156 380 382 412 normam
420 382 590 414 omnes
627 364 983 414 examinantur.
1043 363 1263 429 Cumque
1300 381 1618 430 quaecunque
1656 369 1718 417 ab

158 444 270 492 aliis
321 444 423 493 sive
473 446 789 509 philosophis
840 446 941 494 sive
992 446 1253 494 rhetoricis
1297 446 1549 509 disputata
1592 452 1721 512 sunt,

157 525 457 575 rhetoricam
493 530 651 576 artem
687 544 792 575 esse
830 530 915 575 aut
946 529 1132 591 negent
1161 529 1248 576 aut
1276 527 1506 592 probent,
1540 527 1721 594 viginti

157 607 260 655 fere
305 607 385 655 vel
434 608 604 672 plures
655 609 805 657 etiam
855 609 1067 671 ,,λόγοι“
1117 608 1196 657 vel
1246 608 1592 673 ,,οἐποδείξεις“
1642 610 1721 658 vel

157 690 420 751 ,,πίστεις“
462 694 799 754 recensentur,
850 690 1032 753 quibus
1075 690 1372 739 rhetoricam
1415 693 1571 740 artem
1615 708 1719 741 esse

156 773 389 835 negetur,
448 788 555 834 sex,
607 771 789 835 quibus
841 771 1142 820 defendatur.
1227 771 1505 820 Philodemi
1555 774 1721 820 autem

158 851 285 899 ratio
330 868 387 899 ea
431 855 526 915 est,
570 855 626 900 ut
665 852 791 915 ipsis
827 855 1085 901 auctorum
1121 852 1287 901 verbis
1323 851 1597 915 propositis
1633 869 1721 901 sua

157 931 354 996 adiciat,
391 933 543 981 semel
580 932 731 981 etiam
767 933 1070 996 praemittat.
1084 931 1120 999 ¹)
1179 932 1259 981 Sic
1289 932 1420 981 enim
1448 932 1572 981 illud
1601 932 1721 983 δέον

159 1013 246 1063 ε’πί
275 1032 432 1062 τινων
466 1016 797 1080 προρρήσεως
831 1013 915 1063 καὶ
951 1014 1259 1080 ἐπιρρήσεως
1294 1015 1380 1076 31,
1417 1016 1441 1062 1
1481 1013 1719 1078 interpre-

157 1095 364 1143 tandum
401 1099 488 1143 est.

261 1176 355 1226 His
398 1180 565 1225 autem
601 1176 725 1240 ipsis
763 1180 933 1239 λόγοις
967 1194 1068 1225 11011
1103 1177 1261 1226 multa
1296 1176 1616 1225 antecessisse
1652 1177 1720 1225 vi·

158 1258 350 1306 dentur.
422 1257 729 1321 Quamquam
766 1257 897 1306 enim
934 1261 1317 1307 consentaneum
1354 1261 1429 1306 est
1465 1274 1597 1320 eum,
1634 1258 1719 1321 qui

160 1339 220 1386 de
271 1339 518 1387 rhetorica
568 1338 844 1402 scripturus
895 1338 984 1402 sit,
1042 1339 1352 1387 definitiones
1400 1337 1511 1387 illas
1559 1339 1719 1387 varias

158 1420 307 1469 huius
344 1420 466 1469 artis
502 1436 769 1483 recensere,
804 1422 971 1469 tamen
1005 1418 1109 1483 XI2,
1133 1421 1196 1469 99
1227 1423 1277 1468 et
1305 1418 1409 1484 IX2,
1431 1420 1495 1469 99
1533 1417 1616 1485 (cf.
1638 1419 1719 1484 X2,

162 1499 284 1566 153)
327 1501 379 1549 id
421 1501 473 1549 in
517 1501 727 1566 singulis
770 1503 943 1563 λόγοις
984 1504 1238 1564 tamquam
1274 1500 1530 1550 subseciva
1568 1518 1719 1565 opera

159 1583 346 1631 factum
398 1599 502 1631 esse
552 1582 758 1630 videtur.
837 1580 916 1629 Ibi
968 1581 1098 1630 enim
1142 1598 1268 1645 opus
1310 1581 1584 1630 rhetoricae
1627 1589 1718 1631 τοῦ

158 1666 362 1713 πείθειν
385 1682 460 1721 τις
484 1664 700 1727 δύναμις
720 1665 811 1713 τὸν
834 1662 1089 1728 ἀκροατὴν
1126 1663 1358 1712 definitur
1394 1667 1444 1712 et
1471 1662 1585 1711 finis
1615 1663 1719 1712 eius

158 1747 215 1794 τὸ
260 1747 380 1802 τοὺς
423 1743 791 1808 ἐνδεχομένους
832 1745 905 1801 εἰς
946 1744 1006 1792 τὰ
1048 1745 1377 1808 προβλήματα
1417 1747 1602 1807 λόγους
1637 1744 1719 1793 εὑ-

159 1824 318 1890 ρεϊνῖ)
356 1824 547 1873 dicitur.
574 1853 631 1860 -
658 1824 764 1873 Nec
801 1824 859 1872 de
897 1823 1157 1872 cunabulis
1187 1828 1236 1873 et
1266 1824 1568 1873 incremento
1598 1824 1719 1873 artis

158 1908 310 1969 caput
346 1905 673 1969 praemissum
710 1921 814 1953 esse
845 1903 1040 1953 Coracis
1077 1907 1127 1952 et
1155 1903 1484 1968 Antiphontis
1518 1905 1719 1954 nomina
1783 1916 1789 1921 ·

156 1986 263 2051 IX2,
309 1989 403 2035 111
457 1986 656 2034 laudata
704 1986 827 2034 mihi
877 1986 1171 2048 persuadere
1215 1989 1499 2049 potuerunt.
1577 1986 1718 2044 Quod

159 2067 370 2132 denique
395 2065 621 2132 Gorgiae,
648 2065 895 2131 Isocratis,
922 2066 1113 2131 Lysiae,
1143 2066 1228 2131 qui
1257 2066 1335 2116 his
1365 2070 1717 2132 successerunt,

156 2149 262 2212 XF,
285 2151 349 2199 96
386 2148 572 2197 mentio
610 2149 681 2211 fit,
716 2149 811 2197 hoc
841 2165 1036 2211 quoque
1066 2148 1118 2196 in
1147 2148 1312 2211 aliquo
1343 2149 1504 2211 capite
1534 2149 1716 2214 attingi

158 2230 318 2296 magis
355 2246 504 2294 quam
540 2246 630 2293 per
666 2246 718 2278 se
755 2229 957 2278 tractari
987 2232 1124 2292 puto.
1181 2228 1327 2278 Falso
1359 2229 1503 2293 enim,
1539 2229 1715 2294 inquit,

155 2312 383 2361 nonnulli
421 2313 757 2376 exposuerunt
792 2310 905 2360 illos
933 2310 1122 2359 nullam
1158 2327 1209 2358 se
1246 2310 1502 2359 scientiam
1531 2312 1714 2359 habere

157 2395 408 2457 professos
428 2394 563 2442 esse.

266 2517 307 2566 1)
337 2514 390 2556 cf.
420 2529 461 2567 p.
485 2518 550 2566 43,
582 2518 758 2564 29—44‚
790 2517 852 2554 16.

266 2584 309 2635 2)
344 2581 467 2622 Hanc
503 2581 802 2633 quaestionem
839 2592 884 2621 se
921 2579 1178 2622 omissurum
1215 2579 1339 2631 dicit,
1377 2580 1481 2631 quia
1515 2579 1632 2620 libro·
1656 2574 1714 2616 IV

155 2662 252 2692 eam
282 2649 367 2691 fuit
394 2649 673 2691 tractaturus
