1880 3021
782 116 1090 163 -6-

152 236 370 300 gendum
405 235 578 299 utique
609 239 753 299 esset,
789 236 1086 285 temeritatis
1116 237 1326 285 subinde
1356 255 1504 301 quam
1533 238 1719 302 passim

154 316 477 366 obscuritatis
505 316 685 366 vitium
715 317 1017 381 deprehendi
1046 317 1211 367 malui.
1254 317 1406 367 Velut
1427 318 1537 383 ipsa
1558 320 1719 384 prima

155 398 340 463 pagina
375 416 419 447 v.
452 400 536 463 13,
569 400 633 447 14
674 401 858 464 μορίου
901 398 1199 465 interposui,
1245 400 1378 464 quod
1420 416 1720 465 quamquam

157 497 250 543 pro
274 478 597 543 exquisitiore
619 479 785 529 nescio
810 497 908 544 quo
931 481 1174 530 vocabulo
1196 481 1418 545 positum
1440 485 1528 546 est,
1553 485 1721 532 tamen

155 561 430 610 sententiae
475 563 576 610 fere
620 561 878 612 satisfacit.
948 562 1160 612 Omnino
1205 566 1370 612 autem
1412 562 1542 612 liber
1581 563 1720 628 alter,

154 647 399 707 quatenus
449 643 712 692 restitutus
764 647 859 708 est,
909 644 1014 692 sine
1065 661 1256 694 summa
1306 645 1358 693 in
1400 644 1719 694 coniectando

157 725 361 773 audacia
404 724 602 773 restitui
645 741 747 773 non
788 727 1000 788 poterat.
1071 725 1181 775 Scio
1219 744 1268 789 p.
1297 727 1377 789 97,
1412 727 1474 775 18
1511 727 1720 775 verbum

158 806 417 872 ἀπράκτου
465 823 566 854 non
610 805 883 869 exstitisse,
933 823 1267 870 synonymum
1310 807 1467 856 credo.
1544 805 1719 871 Neque

155 887 384 950 equidem
420 887 544 935 mihi
579 903 680 935 non
716 887 1009 936 temerarius
1039 905 1145 936 esse
1174 887 1390 953 videbar,
1428 905 1539 937 cum
1568 905 1616 951 p.
1640 889 1719 952 99,

155 970 221 1018 28
252 966 641 1032 Ἀπολλόδωρον
681 967 969 1032 scriberem,
1013 972 1063 1016 et
1099 986 1147 1031 p.
1178 970 1264 1033 99,
1294 970 1324 1017 3
1356 965 1603 1033 Ἐφεσίων
1638 985 1719 1017 au—

156 1049 322 1098 daciae
352 1049 555 1099 crimine
585 1066 686 1098 non
715 1050 917 1098 carebit.
976 1049 1072 1099 Sed
1100 1049 1378 1100 Usenerum
1407 1050 1574 1115 ipsum
1603 1066 1720 1115 quo-

155 1149 250 1196 que
287 1132 341 1180 in
376 1132 467 1181 has
503 1149 647 1181 voces
685 1132 864 1180 deferri
901 1132 1151 1196 videbam,
1188 1132 1521 1181 scitissimum'
1543 1132 1720 1181 talium

153 1230 319 1262 rerum
349 1213 730 1262 aestimatorem.
788 1213 882 1262 Est
911 1212 1099 1277 aliquid
1127 1213 1425 1262 audendum:
1460 1214 1590 1263 liber
1617 1214 1719 1279 legi

155 1312 303 1357 posse
341 1295 509 1343 debet:
545 1293 624 1342 vel
661 1311 721 1342 ex
760 1311 922 1342 errore
958 1294 1182 1343 veritatis
1219 1311 1366 1358 saepe
1395 1295 1585 1343 fructus
1616 1311 1719 1343 suc-

158 1375 334 1425 crescit
372 1379 422 1425 et
458 1375 747 1440 percipitur.

257 1457 353 1506 Sed
390 1458 590 1520 saepius
627 1475 776 1521 quam
805 1457 1151 1521 temeritatem,
1188 1474 1312 1520 quae
1342 1474 1537 1520 semper
1565 1457 1718 1504 habet

158 1539 348 1603 aliquid
383 1538 781 1603 vituperationis,
817 1538 1103 1587 tarditatem
1138 1538 1326 1604 ingenii
1356 1538 1605 1603 quispiam
1635 1537 1719 1587 ob·

154 1620 398 1685 iurgabit,
443 1636 568 1683 quae
613 1624 746 1668 caret
789 1620 947 1683 culpa.
1017 1619 1177 1668 Multa
1220 1620 1325 1668 sine
1369 1619 1521 1668 dubio
1564 1619 1719 1681 hiant,

154 1718 280 1765 quae
317 1705 551 1765 poterant
580 1701 756 1751 sanari.
817 1700 1055 1765 Concedo,
1091 1701 1260 1750 Davus
1290 1717 1413 1765 sum,
1448 1717 1549 1749 non
1578 1698 1718 1749 Oedi-

156 1799 264 1846 pus.
337 1782 552 1831 Videant
595 1783 700 1832 alii:
742 1799 833 1831 nec
874 1799 995 1836 vero
1031 1799 1140 1830 mea
1176 1781 1228 1830 in
1263 1785 1520 1846 posterum
1554 1781 1719 1831 Philo-

159 1864 303 1913 demo
341 1864 499 1913 deerit
536 1881 698 1928 opera.

761 1964 790 1994 >ze
922 1998 950 2029 ἧς
1081 1964 1109 1993 2³<

255 2105 461 2155 Praeter
491 2105 721 2169 exempla
749 2104 1083 2169 Neapolitana
1111 2105 1268 2155 musei
1296 2105 1422 2171 regii
1449 2104 1719 2154 Borbonici

153 2188 447 2252 apographa
478 2187 578 2250 illa,
615 2204 739 2250 quae
771 2185 952 2235 Oxonii
982 2186 1314 2249 adservantur,
1350 2186 1568 2235 adhibui.
1632 2185 1720 2234 At-

154 2286 251 2332 que
281 2268 481 2334 insigni,
511 2284 609 2332 qua
632 2268 760 2316 solet
784 2284 904 2332 esse,
934 2267 1244 2333 benignitate
1266 2266 1553 2317 Theodorus
1577 2266 1721 2316 Gom·

154 2367 291 2413 perz,
334 2350 513 2398 horum
557 2349 836 2398 studiorum
879 2349 1022 2397 facile
1066 2349 1277 2413 primus,
1320 2365 1408 2397 sua
1443 2348 1566 2396 mihi
1603 2364 1720 2411 apo·

155 2431 368 2495 grapha,
411 2447 537 2494 quae
574 2429 755 2479 Oxonii
793 2429 1016 2479 facienda
1052 2433 1326 2493 curaverat,
1366 2429 1628 2493 concessit,
1664 2432 1721 2477 ut

153 2511 254 2560 iam
277 2515 542 2576 antequam
568 2511 761 2560 exirent
784 2514 965 2577 ectypa
987 2512 1339 2578 photographa
1357 2512 1721 2575 (Herculanean

149 2596 331 2658 papyri
365 2595 607 2644 Bodleian
639 2595 944 2658 faosimiles)‚
988 2593 1089 2642 illis
1132 2593 1207 2642 uti
1244 2610 1453 2657 possem.
1524 2590 1722 2656 Ectypa

153 2675 264 2738 ipsa
300 2678 421 2725 tunc
458 2675 655 2724 demum
693 2675 904 2740 contuli,
942 2691 1053 2724 cum
1089 2690 1269 2740 magna
1306 2691 1422 2738 pars
1457 2672 1722 2722 voluminis
