1880 3021
794 46 1133 93 —14—

180 169 422 229 quantum
452 166 652 229 quidem
674 166 879 215 iudicari
903 170 1084 230 potest,
1114 167 1278 215 omnia
1300 167 1379 215 vel
1401 184 1557 231 paene
1580 170 1746 218 omnia

177 247 430 298 volumina
466 265 495 296 a
531 250 805 297 correctore
836 248 1094 298 emendata
1124 252 1253 313 sunt,
1290 265 1512 314 quaeque
1543 250 1745 300 deerant

178 327 408 394 addita.²)
464 328 637 394 Itaque
676 329 944 379 cavendum
982 334 1071 394 est,
1105 347 1168 379 ne
1206 347 1330 394 quae
1368 330 1478 395 quis
1513 331 1566 381 in
1601 335 1744 382 textu

177 411 374 459 restitui
426 428 572 475 posse
618 411 865 476 desperet,
917 429 973 460 ea
1016 412 1237 461 addendo
1280 412 1359 462 vel
1403 413 1639 463 demendo
1683 415 1746 463 ad

178 509 317 541 suam
362 493 648 557 opinionem
693 497 972 557 componat.
1044 493 1139 543 Sed
1174 494 1227 543 in
1263 511 1320 543 eo
1356 494 1509 559 libro,
1552 496 1637 560 qui
1673 496 1745 545 in·

178 574 395 638 scriptus
433 578 509 624 est
543 573 660 639 περὶ
696 575 965 641 ῥητορικῆς
1000 576 1443 640 ὑπομνηματικόν,
1485 576 1594 641 ipse
1628 576 1742 626 Phi-

177 656 401 705 lodemus
437 656 677 705 nonnulla
713 657 984 706 correxisse
1020 657 1225 706 videtur.
1297 656 1575 721 Supersunt
1611 658 1742 707 enim

179 738 275 786 duo
312 738 461 787 huius
495 738 615 787 libri
653 738 975 803 exemplaria,
1022 756 1136 803 pap.
1176 740 1307 788 1426
1344 738 1640 804 paginarum
1679 741 1742 788 16

181 823 230 868 et
266 837 382 884 pap.
416 821 547 871 1506
592 820 888 886 paginarum
925 820 1004 871 58.
1076 819 1184 870 Illic
1220 838 1267 885 p.
1296 819 1436 884 VIII,
1472 822 1535 870 27
1581 823 1743 885 φανή-

178 914 335 964 σεται,
364 900 474 966 XII,
496 903 558 951 27
586 903 904 966 διατριβικὸν
926 905 1137 966 exstant,
1167 919 1278 950 cum
1301 901 1354 950 in
1377 902 1532 951 altera
1554 901 1744 969 (priore

179 981 328 1048 puto)
371 983 655 1033 recensione
699 992 933 1048 φανεῖται
977 987 1027 1032 et
1071 985 1402 1047 σχολαστικὸν
1447 983 1741 1032 exstiterint.

176 1064 368 1128 Pagina
411 1064 718 1128 paenultima
762 1064 911 1112 etiam
954 1067 1148 1112 textum
1192 1063 1392 1112 omnino
1435 1063 1742 1113 differentem

179 1145 614 1209 deprehendimus,
672 1145 804 1209 quod
861 1144 913 1193 in
969 1148 1213 1208 apparatu
1265 1144 1435 1193 critico
1488 1145 1741 1209 adscripsi.

178 1227 231 1275 P.
255 1226 387 1291 XIV,
418 1228 448 1276 6
466 1240 570 1290 sqq'.
599 1226 805 1291 legitur:
842 1227 898 1275 τὸ
935 1227 1031 1291 γὰρ
1060 1227 1229 1289 »καθὸ
1259 1226 1463 1290 Q‘n‘vco9“
1493 1227 1586 1275 οὐκ
1616 1228 1740 1276 ἄλλο

178 1326 226 1357 τι
264 1308 572 1372 λαμβάνεται
607 1314 706 1357 νῦν
742 1307 773 1372 ἢ
810 1309 867 1357 τὸ
905 1305 961 1356 ἐν
997 1308 1159 1376 τούτῳ
1198 1307 1366 1373 ῥήτωρ
1404 1305 1511 1356 ἐστὶ
1547 1310 1636 1356 etc.
1673 1336 1742 1343 ——

176 1388 350 1437 Altera
385 1389 605 1436 recensio
641 1390 736 1436 hoc
771 1389 946 1436 habet:
982 1390 1039 1437 τὸ
1075 1389 1172 1452 γὰρ
1209 1390 1376 1452 »καθὸ
1407 1388 1610 1453 ῥήτωρα
1647 1389 1741 1436 οὐκ

177 1471 302 1520 ἄλλο
340 1485 387 1519 τι·
424 1469 744 1534 λαμβάνεται,
769 1475 948 1519 τοῦτο
980 1475 1076 1519 νῦν
1105 1459 1200 1517 etc.
1252 1468 1361 1517 Hoc
1390 1476 1541 1519 τοῦτο
1569 1471 1743 1518 notan-

178 1551 294 1599 dum
331 1554 426 1598 est:
464 1553 540 1598 est
577 1550 709 1597 enim
744 1549 1067 1614 neglegenter
1104 1552 1153 1596 et
1183 1549 1600 1613 ὑπομνηματικὸν
1630 1566 1741 1597 con-

177 1631 454 1695 scribentis,
483 1631 616 1694 quod
646 1634 822 1694 postea
845 1630 1059 1693 scriptor
1079 1633 1276 1678 textum
1298 1630 1457 1678 denuo
1481 1646 1739 1678 recensens

176 1711 401 1761 resecuit.
450 1711 565 1762 Nec
601 1728 716 1759 vero
755 1713 1068 1774 contemptor
1105 1709 1378 1776 elegantiae
1409 1710 1739 1774 philosophus

178 1797 227 1841 et
262 1797 412 1857 poeta
448 1792 543 1841 fuit
572 1792 906 1854 Philodemus,
944 1791 1076 1855 quod
1104 1791 1182 1839 vel
1211 1791 1324 1839 inde
1354 1790 1573 1856 colligas,
1609 1792 1742 1855 quod

176 1874 370 1922 hiatum
422 1873 777 1922 consuetudine
828 1873 963 1922 illius
1014 1872 1191 1922 aetatis
1243 1872 1284 1921 si
1334 1872 1496 1921 minus
1540 1873 1739 1921 omnino

175 1956 365 2020 vitavit,
402 1958 453 2003 at
490 1958 621 2004 certe
657 1972 767 2003 raro
805 1954 1017 2018 admisit,
1053 1971 1201 2018 quam
1237 1970 1329 2019 ego
1366 1954 1419 2003 in
1454 1954 1739 2004 coniciendo

174 2055 399 2086 normam
442 2037 653 2085 fortasse
695 2036 844 2084 nimis
888 2053 1035 2100 saepe
1077 2036 1289 2101 neglexi.
1326 2064 1394 2070 —-
1428 2036 1629 2099 Duplex
1668 2052 1739 2084 re-

177 2119 340 2168 censio
381 2118 531 2167 etiam
566 2118 684 2167 libri
723 2118 923 2167 secundi
959 2118 1112 2166 fuisse
1148 2117 1363 2180 videtur,
1400 2117 1459 2165 de
1496 2134 1592 2180 qua
1629 2134 1738 2166 con-

175 2203 325 2264 feras,
370 2200 502 2263 quod
539 2217 586 2263 p.
617 2201 704 2263 28,
741 2201 964 2262 32—34,
1008 2216 1055 2262 p.
1085 2200 1172 2261 44,
1209 2199 1296 2262 20,
1331 2215 1378 2261 p.
1409 2199 1489 2261 24,
1525 2199 1557 2245 4
1594 2197 1739 2245 adno-

174 2287 335 2332 tatum
373 2285 460 2330 est.

291 2473 330 2523 1)
367 2471 439 2510 Bis
480 2483 585 2511 voce
624 2470 738 2510 κάτω
770 2468 1037 2521 significatur
1067 2467 1234 2519 aliquid
1265 2467 1343 2508 sub
1371 2467 1493 2507 textu
1524 2464 1645 2517 addi,
1683 2465 1736 2506 cf.

174 2553 214 2591 p.
241 2542 264 2581 9
295 2536 341 2579 et
367 2538 446 2579 ΧΙ2
475 2537 549 2580 fol.
576 2542 674 2590 114,
704 2537 753 2579 fr.
779 2541 818 2579 6.
