1880 3021
774 92 1110 139 -19—

166 219 308 281 deris,
337 233 422 266 sex
450 214 705 276 habemus,
735 228 795 259 ex
826 211 1007 274 quibus
1037 211 1132 260 duo
1162 210 1299 278 (pap.
1326 212 1456 262 1669
1487 215 1536 261 et
1562 209 1718 276 1015)

166 302 360 350 tantum
398 294 696 357 Φιλοδήμου
732 290 848 357 περὶ
877 292 1145 358 ῥητορικῆς
1180 292 1408 356 inscripti
1445 297 1573 342 sunt.
1633 292 1717 341 Ce-

164 380 258 429 teri
293 377 428 426 tituli
465 378 599 424 sunt:

266 459 296 508 1.
336 457 378 507 I:
430 456 729 519 Φιλοδήμου
777 452 893 519 περὶ
937 453 1204 520 ῥητορικῆς
1248 455 1626 519 ὑπομνημάτων
1669 453 1715 504 α’

162 543 231 606 ἄρ’
266 540 432 589 ΧΧΧΑ
468 540 526 585 δὲ
563 537 645 585 KZ
686 534 833 601 (puto
878 533 984 599 ρλζ’
1021 535 1173 584 fuisse
1217 535 1395 584 collato
1438 536 1568 585 libro
1611 535 1717 599 IV2,

164 621 301 671 cuius
343 618 545 668 ultimae
588 616 800 681 paginae
835 632 1069 665 numerus
1105 615 1218 681 ρμζ’
1257 616 1567 680 subscriptus
1604 616 1715 682 est).

263 702 295 749 1.
330 700 396 749 II:
436 699 734 761 Φιλοδήμου
769 695 885 760 περὶ
922 697 1189 762 ῥητορικῆς
1223 696 1276 761 β’
1301 736 1312 747 .
1336 736 1346 747 .
1370 739 1379 747 .
1407 696 1716 762 ΧΧΧΧΗΗΙ)

264 782 295 829 l.
330 780 441 830 Na:
488 779 786 841 Φιλοδήμου
822 776 938 842 περὶ
974 778 1242 842 ῥητορικῆς
1286 777 1336 826 δ’
1374 787 1477 828 τῶν
1511 780 1583 836 εἰς
1620 780 1714 827 δύο

163 866 220 914 τὸ
257 864 506 927 πρότερον

263 943 293 990 l.
329 940 443 991 IW:
490 940 789 1003 Φιλοδήμου
824 938 940 1005 περὶ
977 940 1246 1004 ῥητορικῆς
1283 937 1334 987 δ’
1372 948 1472 988 τῶν
1509 941 1584 997 εἰς
1620 941 1714 989 δύο

161 1027 217 1074 τὸ
248 1024 488 1087 δεύτερον
516 1020 625 1088 (qui
654 1020 831 1069 titulus
860 1021 913 1069 in
940 1021 1037 1069 fine
1066 1020 1247 1085 papyri
1270 1020 1581 1083 subscriptus
1605 1019 1715 1086 est).

262 1104 376 1153 Sine
430 1102 581 1151 dubio
635 1102 849 1165 scriptor
897 1119 987 1165 per
1035 1105 1199 1150 totum
1243 1119 1368 1165 opus
1412 1102 1714 1150 accuratissi-

160 1202 291 1233 mam
326 1183 703 1247 dispositionem
739 1186 934 1231 secutus
971 1186 1060 1246 est,
1095 1186 1151 1230 ut
1188 1169 1325 1230 solet.
1391 1181 1547 1245 Saepe
1584 1183 1715 1231 enim

162 1266 467 1331 singularum
509 1264 726 1328 partium
766 1264 1142 1328 dispositionem
1179 1267 1548 1328 commemorat,
1592 1281 1714 1327 quas

162 1346 447 1410 absolverit,
491 1362 612 1409 quas
650 1348 950 1394 tractaturus
987 1345 1064 1393 sit.
1138 1344 1287 1394 Cuius
1322 1344 1393 1393 rei
1431 1344 1715 1408 exemplum

159 1428 344 1476 librum
385 1428 652 1476 secundum
694 1428 976 1490 perlustres.
1046 1427 1152 1477 Nec
1188 1431 1355 1475 tamen
1390 1427 1516 1475 hanc
1552 1427 1713 1489 dispo-

161 1508 402 1572 sitionem,
438 1508 671 1572 quoniam
707 1508 924 1574 ingentis
961 1508 1125 1572 operis
1160 1525 1261 1556 non
1293 1508 1364 1556 ita
1392 1507 1573 1557 multas
1603 1525 1713 1557 con-

160 1590 323 1638 tinuas
359 1593 527 1653 partes
562 1590 817 1653 habemus,
853 1590 1114 1639 restituere
1150 1593 1236 1638 aut
1272 1590 1511 1653 dispicere
1541 1607 1713 1653 possu—

158 1688 279 1720 mus.
351 1670 556 1737 Singula
590 1688 705 1720 vero
744 1674 1015 1737 emergunt.

258 1752 424 1815 Atque
456 1752 694 1800 nonnulla
722 1752 783 1800 iis
811 1753 934 1800 locis
963 1753 1222 1815 patefiunt,
1258 1753 1441 1815 quibus
1470 1753 1548 1801 vel
1578 1757 1712 1802 ante-

159 1832 378 1881 cedentia
426 1833 630 1897 respicit
672 1833 750 1881 vel
792 1832 1057 1896 pollicetur
1098 1833 1276 1881 futura.
1354 1832 1712 1883 Antecedentia

158 1916 321 1961 autem
371 1918 741 1978 commemorat,
798 1918 854 1962 ut
904 1914 1131 1962 omittam
1181 1931 1236 1962 ea
1244 1953 1258 1978 ,
1310 1932 1433 1978 quae
1482 1915 1713 1963 videntur

157 1994 346 2043 minora
380 1995 458 2043 vel
494 1994 767 2060 obscura2),
803 2013 850 2058 p.
881 1996 961 2058 98,
991 1997 1053 2044 27
1093 1995 1148 2044 ἐν
1183 2003 1253 2061 τῷ
1286 1997 1384 2060 πρὸ
1421 1997 1607 2045 τούτου
1649 2025 1705 2031 -

0 2081 1 2092 ’
89 2091 95 2097 ·
155 2078 514 2140 παρεθήκαμεν
549 2075 578 2123 i.
610 2092 647 2123 e.
677 2075 807 2123 libro
845 2076 1019 2139 primo.
1077 2075 1267 2124 Eodem
1298 2076 1427 2124 libro
1457 2076 1536 2124 vel
1564 2076 1708 2125 initio

121 2156 355 2203 secundi
412 2157 470 2203 de
527 2156 764 2218 Polyaeni
819 2157 897 2203 vel
953 2157 1121 2218 potius
1172 2157 1230 2202 de
1279 2156 1705 2219 Pseudopolyaeni

157 2235 365 2297 quadam
402 2237 646 2286 sententia
683 2237 867 2286 dictum
904 2240 1028 2301 erat,
1074 2237 1132 2286 cf.
1170 2238 1251 2300 49,
1283 2239 1309 2286 7
1328 2254 1432 2300 sqq.
1503 2236 1708 2286 Maioris

155 2318 390 2365 momenti
428 2335 484 2366 ea
521 2322 655 2382 sunt,
692 2335 815 2381 quae
851 2318 1107 2366 materiam
1143 2319 1361 2366 futuram
1397 2317 1708 2382 adumbrant,

265 2518 304 2569 1)
334 2518 527 2560 Titulum
557 2532 608 2561 ex
634 2519 798 2561 duobus
822 2520 1001 2560 duarum
1024 2531 1284 2572 papyrorum
1305 2517 1447 2560 titulis
1471 2519 1704 2572 composui.

152 2581 362 2625 Litteram
392 2584 437 2640 β’
466 2588 637 2627 tantum
665 2586 944 2639 apographon
974 2586 1049 2628 Ox,
1078 2598 1178 2639 pap.
1205 2585 1308 2628 1672
1339 2586 1527 2628 exhibet.

263 2653 304 2705 2)
343 2653 394 2696 ef.
427 2658 492 2708 23,
523 2660 568 2707 23
602 2659 691 2709 155,
722 2658 765 2708 53
800 2659 888 2708 183,
920 2658 992 2707 20,
1025 2659 1114 2707 191,
1146 2657 1185 2697 5.

1318 2724 1376 2764 2*
