1880 3021
769 94 1109 141 -17—

158 213 590 273 πολειτεύσεται“;
628 211 695 261 δι’
731 212 758 261 ὃ
795 214 860 276 δὴ
897 213 1138 277 ἄρχονται
1173 220 1373 276 μακρῶς
1408 213 1439 276 ἢ
1467 213 1593 277 πρὸς
1622 214 1716 262 τὸν

161 295 535 359 Δημοκρίτειον
570 292 917 356 Ναυσιφάνην
954 292 1304 356 διαμάχονται,
1342 294 1469 357 πρὸς
1505 289 1562 341 δὲ
1598 293 1717 341 τού-

161 392 267 433 τοις
300 375 433 439 μάλα
466 381 655 431 πιστῶς
688 373 1159 438 μειρακισκεύονται
1186 374 1278 421 τόν
1304 370 1360 421 θ’
1394 373 1564 423 αὑτῶν
1588 370 1716 423 Ἰδο-

160 454 324 519 μενέα
349 453 585 519 μαθητὴν
619 452 1019 518 παρεισάγουσιν
1054 451 1109 501 ἐν
1144 460 1251 510 τοῖς
1284 452 1493 515 χαύνοις
1506 451 1543 518 ¹)
1580 454 1714 503 οὕτω

160 537 564 599 περιγινόμενον.
619 560 676 568 --
729 532 921 582 Ultima
968 532 1120 580 verba
1176 532 1246 580 sic
1295 532 1418 580 mihi
1465 533 1716 582 Usenerus

162 615 518 678 interpretatus
554 617 641 663 est.
710 612 799 663 Nil
833 612 1027 676 mirum,
1063 611 1105 661 si
1141 612 1234 661 iste
1270 613 1400 663 inter
1434 614 1598 663 fatuos
1632 614 1716 663 ho-

161 695 320 743 mines
355 696 425 744 sic
461 695 628 759 potuit
657 694 907 742 excellere.
957 693 1053 741 Hic
1080 693 1219 742 locus
1246 698 1416 742 contra
1444 694 1717 757 Epicurum

161 775 472 839 conscriptus
509 778 597 839 est,
632 775 691 822 de
721 791 818 837 quo
849 791 947 822 uno
977 774 1129 822 verba
1156 777 1246 824 τόν
1273 774 1328 823 θ’
1355 775 1525 824 αὑτῶν
1553 780 1717 839 μαθη-

162 857 255 919 τὴν
305 855 530 920 inteHegi
581 858 804 918 possunt.
885 854 1204 904 Idomeneum
1253 858 1419 903 autem
1458 854 1718 918 >Epicurus

161 927 501 1000 disputantem
536 936 797 985 induxerat
833 935 886 984 in
915 935 1149 985 Oonvivio
1159 934 1214 1001 2),
1250 936 1292 984 si
1329 936 1527 999 quidem
1553 936 1718 985 locum

132 1017 342 1070 .n0titia
378 1017 721 1083 dignissimum
757 1020 889 1066 recte
918 1016 1115 1065 restitui
1145 1034 1193 1080 p.
1220 1018 1331 1079 102,
1359 1018 1424 1065 22
1441 1033 1546 1080 sqq.
1583 1015 1719 1065 Ἐπί-

163 1117 349 1164 κουρος
382 1101 560 1149 τοίνυν
596 1098 804 1148 ἐκείνων
841 1097 1013 1162 ἀμέλει
1048 1105 1135 1162 τῆς
1170 1098 1440 1163 ῥητορικῆς
1475 1100 1598 1161 μίαν
1631 1099 1720 1147 δύ-

165 1198 321 1243 ναμιν
364 1177 811 1243 ἐπαγγελλομένων
845 1180 939 1242 τὴν
976 1179 1277 1244 σοφιστικὴν
1312 1176 1397 1227 καὶ
1432 1179 1525 1241 τὴν
1560 1194 1719 1241 πανη-

164 1261 380 1325 γυρικὴν
423 1259 506 1309 καὶ
547 1261 642 1323 τὴν
683 1261 975 1323 πολειτικὴν
1016 1268 1155 1309 ποιεῖ
1184 1262 1274 1309 τὸν
1304 1258 1561 1323 Ἰδομενέα
1596 1261 1719 1323 μετὰ

164 1339 221 1390 τὸ
250 1340 653 1405 ,,παρρησιάσθω
682 1341 804 1404 μετὰ
835 1348 938 1390 τῶν
960 1339 1383 1405 ἐγνωρισμε’νων“
1414 1341 1720 1404 αἰτούμενον

165 1422 491 1485 συγγνώμην,
519 1422 567 1469 εἰ
592 1419 709 1479 νέος
737 1421 810 1470 ὢν
830 1422 1161 1485 θρασύνεται,
1189 1419 1273 1470 καὶ
1298 1422 1667 1480 συνασπίζοντά
1677 1420 1718 1486 3)

164 1520 278 1551 τινα
316 1504 452 1565 ζητεῖ
478 1499 669 1551 τοιαῦτ’
696 1501 818 1550 ἄττα
847 1500 1031 1564 λέγων·
1070 1503 1422 1565 ,,θαυμαστόν,
1457 1503 1505 1549 εἰ
1532 1504 1595 1550 σὺ
1624 1500 1718 1566 μὲν

168 1579 329 1631 οὐθὲν
366 1581 594 1647 ἐξείργου
631 1582 717 1630 διὰ
751 1583 844 1646 τὴν
878 1582 1098 1646 ἡλικίαν,
1134 1583 1215 1631 ὅτε
1252 1581 1402 1639 αὐτὸς
1438 1580 1502 1630 ἂν
1534 1584 1721 1646 φήσαις

167 1671 270 1712 τῶν
298 1664 424 1712 κατὰ
453 1663 666 1712 σεαυτὸν
697 1661 935 1713 ἁπάντων
959 1662 1076 1721 νέος
1100 1663 1172 1711 ὢν
1193 1666 1491 1727 πρεσβυτῶν
1514 1662 1719 1728 ἀνδρῶν

168 1742 252 1792 καὶ
280 1743 506 1803 ἐνδόξων
534 1745 665 1792 πολὺ
695 1742 751 1792 ἐν
772 1750 832 1807 τῇ
856 1743 1096 1808 ῥητορικῇ
1121 1743 1336 1807 δυνάμει
1356 1741 1720 1809 ὑπερέχειν.“4)

165 1824 241 1873 De
276 1825 370 1873 hoc
404 1824 533 1887 loco,
570 1841 717 1888 quem
752 1824 877 1873 falso
913 1824 1268 1887 interpretatus
1304 1827 1379 1873 est
1415 1824 1721 1873 adversarius

166 1908 217 1955 et
253 1905 380 1955 unde
402 1904 608 1969 Epicuri
638 1906 696 1954 de
726 1905 997 1970 sophistica
1024 1905 1270 1954 rhetorica
1300 1905 1585 1970 opinionem
1614 1923 1721 1970 per-

165 2004 304 2036 verse
341 1987 531 2051 statuit,
566 1987 885 2036 Philodemus
920 2004 949 2035 a
984 2005 1032 2050 p.
1066 1989 1348 2051 103—119,
1377 1990 1440 2037 27
1472 1989 1623 2036 verba
1651 1989 1722 2037 ita

166 2068 306 2131 facit,
341 2071 397 2116 ut
432 2068 753 2133 grammatica
789 2071 838 2117 et
874 2067 1036 2133 logica
1070 2068 1481 2132 interpretatione
1518 2072 1567 2116 et
1603 2068 1722 2131 Epi-

278 2230 318 2280 1)
347 2227 537 2269 Verbum
563 2227 777 2268 incertum
805 2229 882 2269 est.
932 2227 1036 2279 Pap.
1066 2226 1200 2267 habet
1227 2226 1383 2269 ΧΑΓ..
1406 2229 1420 2280 1]
1444 2230 1537 2269 .ΙΣ
1555 2229 1721 2280 διατρι-

168 2296 331 2349 βικοῑςςὶ>
363 2320 410 2325 -

277 2365 318 2416 2)
356 2362 589 2415 Epicurum
616 2362 680 2403 ibi
708 2362 884 2404 iuvenes
914 2361 1139 2403 audientes
1168 2360 1388 2402 induxisse
1419 2374 1469 2403 ex
1498 2361 1722 2404 Plutarchi

168 2432 336 2481 quaest.
367 2430 533 2473 conviv.
555 2430 627 2482 III,
653 2435 690 2483 6,
715 2436 752 2482 1,
781 2444 823 2483 p.
848 2435 926 2473 653
956 2432 1135 2472 constat.

278 2499 319 2550 3)
346 2511 446 2551 pap.
479 2531 487 2539 .
503 2512 782 2551 υναπιγοντα.

278 2569 320 2617 4)
362 2565 454 2607 Hoc
496 2565 721 2620 ὑπερέχειν
763 2566 1021 2619 respondere
1063 2565 1132 2606 illi
1175 2565 1503 2619 περιγινόμενον
1548 2562 1594 2606 ἐν
1635 2570 1723 2611 τοῖς

169 2649 250 2697 χαγ
268 2666 302 2675 ..
326 2636 340 2686 ΙΙ
364 2647 431 2675 .ισ
458 2636 577 2686 puto.

1372 2719 1394 2754 2
