1880 3021
784 59 1125 107 -16—

275 178 458 227 Contra
497 179 650 227 alium
685 179 892 242 librum,
937 179 1075 228 cuius
1112 179 1290 228 titulus
1327 180 1612 243 deperditus
1648 190 1736 249 est,

170 276 231 307 ex
266 260 362 308 hoc
398 259 582 308 maiore
611 259 891 308 Philodemi
929 260 987 308 de
1023 260 1269 309 rhetorica
1299 277 1449 325 opere
1480 267 1735 327 sumptum

171 358 276 389 esse
303 344 442 404 puto,
472 358 586 404 pap.
614 342 746 389 1004
770 365 833 380 =
856 340 949 389 ΙΠ2
971 341 1053 390 fol.
1081 342 1361 390 llo—209.
1407 341 1548 399 Quod
1570 360 1735 406 quam-

171 438 319 485 quam
350 421 675 470 demonstrari
705 439 806 471 non
836 425 1017 486 potest,
1047 439 1137 485 per
1166 439 1217 470 se
1247 421 1414 485 ipsum
1443 423 1546 471 veri
1576 424 1735 475 simile

172 506 260 565 est,
289 502 386 550 nisi
417 504 546 551 forte
576 502 710 550 aliud
739 504 993 565 probatur.
1045 503 1169 550 Mihi
1194 503 1393 565 quidem
1418 507 1466 551 et
1490 504 1736 554 scribendi

171 587 221 632 et
264 583 642 649 argumentandi
686 583 813 632 ratio
857 587 964 632 tota
999 583 1277 633 Philodemi
1322 602 1426 633 esse
1462 584 1736 635 videbatur.

275 665 352 714 Ne
389 666 670 729 fragmenta
707 665 906 727 quidem
943 668 1151 728 excepto
1189 682 1287 713 uno
1325 665 1490 714 omnia
1518 665 1737 728 recipere

172 763 227 793 ac
256 745 504 793 vindicare
526 745 818 793 Philodemo
850 745 1086 794 dubitavi.
1137 745 1268 795 Nam
1297 762 1374 793 me
1404 745 1563 794 iudice
1586 747 1738 794 mani-

172 827 356 874 festum
388 829 462 873 est
491 843 582 874 nos
613 826 972 874 bibliothecam
1001 826 1079 875 vel
1109 826 1278 890 potius
1300 826 1535 890 reliquias
1559 826 1738 875 biblio-

172 908 345 956 thecae
375 907 654 956 Philodemi
684 907 881 956 habere.
932 907 1181 957 Plurimae
1212 908 1393 971 papyri
1421 925 1603 956 nomen
1633 908 1738 957 eius

173 1006 292 1051 prae
337 1005 389 1037 56
425 989 604 1036 ferunt.
675 989 835 1037 Multa
872 989 951 1037 bis
989 992 1181 1037 servata
1217 992 1352 1051 sunt,
1396 989 1552 1037 multa
1588 989 1739 1053 pluri-

174 1070 269 1119 bus
328 1070 478 1118 etiam
536 1070 917 1133 exemplaribus.
995 1070 1148 1119 Velut
1205 1070 1323 1118 libri
1373 1070 1595 1135 alterius,
1653 1071 1738 1134 qui

174 1152 370 1200 duobus
422 1151 670 1199 continuis
722 1152 1092 1214 exemplaribus
1142 1151 1354 1199 traditus
1402 1154 1496 1215 est,
1547 1154 1739 1214 septem

176 1232 275 1295 (vel
305 1230 507 1296 novem)
544 1235 800 1294 praeterea
837 1233 1230 1297 fragmentorum
1266 1232 1525 1281 fasciculos
1561 1233 1614 1280 in
1642 1250 1739 1280 ma-

174 1313 324 1361 nibus
361 1316 607 1376 tenemus,
651 1331 698 1376 p.
736 1315 851 1377 408,
886 1315 1008 1377 409,
1050 1315 1172 1377 425,
1213 1315 1364 1377 1079,
1403 1315 1555 1378 1086,
1594 1315 1740 1376 1117,

177 1395 321 1443 1580.
373 1393 446 1442 Ac
474 1394 591 1443 licet
622 1395 744 1443 duae
774 1397 934 1443 tresVe
963 1396 1356 1459 fragmentorum
1379 1395 1528 1443 series
1551 1394 1738 1457 quippe

175 1475 321 1524 unius
369 1475 618 1538 quondam
664 1475 886 1540 integrae
934 1475 1115 1539 papyri
1158 1478 1326 1538 partes
1370 1475 1738 1540 coniungendae

176 1557 297 1618 sint,
355 1556 487 1619 quod
538 1556 864 1604 demonstrari
916 1573 1062 1619 posse
1105 1573 1255 1621 nego,
1306 1556 1416 1619 quis
1459 1559 1537 1604 tot
1581 1572 1738 1604 exem-

175 1637 334 1700 plaria
377 1638 655 1686 Philodemi
707 1638 758 1685 in
808 1655 896 1686 sua
947 1654 1053 1686 esse
1099 1637 1404 1686 bibliotheca
1447 1654 1623 1700 passus
1674 1637 1739 1685 sit

174 1719 271 1766 nisi
307 1718 663 1767 Philodemus?

278 1799 447 1848 Unum
490 1800 548 1848 fr.
592 1800 655 1847 ab
700 1799 779 1848 his
823 1799 1182 1864 seiungendum
1226 1799 1349 1863 dixi,
1400 1799 1531 1862 quod
1575 1802 1737 1847 exstat

177 1879 267 1928 IV2
297 1880 380 1927 fol.
415 1881 680 1929 182—191
722 1883 771 1928 et
807 1880 890 1929 fol.
922 1881 1205 1930 204-208.
1264 1880 1571 1944 Quamquam
1608 1879 1739 1929 enim

176 1962 228 2010 in
278 1962 440 2010 media
481 1961 760 2010 Philodemi
812 1963 870 2009 de
921 1963 1165 2025 poematis
1217 1963 1430 2011 diatriba
1476 1962 1739 2024 invenitur,

176 2047 344 2091 tamen
388 2043 446 2090 de
490 2042 736 2090 rhetorica
781 2045 951 2105 aperte
997 2046 1083 2091 est.
1099 2040 1135 2107 ¹)
1205 2042 1311 2091 Nec
1348 2042 1574 2106 dubium,
1618 2042 1739 2105 quin

176 2125 261 2172 illa
304 2124 517 2172 frustula
559 2140 660 2171 non
704 2123 803 2170 sint
838 2123 1073 2185 Epicurei
1117 2123 1388 2185 cuiusdam,
1435 2122 1588 2171 Stoici
1632 2140 1737 2170 6556

177 2208 323 2269 recte,
360 2204 554 2267 opinor,
589 2203 840 2252 Usenerus
876 2203 1016 2266 Epic.
1048 2221 1095 2266 p.
1118 2204 1219 2252 414
1256 2221 1290 2252 5.
1318 2221 1360 2252 v.
1398 2202 1739 2267 Ναυσιφάνης

178 2290 225 2334 et
268 2287 366 2334 401
414 2303 448 2333 s.
485 2303 528 2333 v.
568 2282 950 2349 Ἀπολλοφάνης
999 2285 1214 2333 adnotat.
1292 2285 1371 2333 Ex
1423 2284 1605 2347 quibus
1646 2283 1737 2332 1V2

177 2368 259 2416 fol.
294 2368 393 2416 206
432 2367 501 2415 sic
536 2365 787 2416 Usenerus
825 2366 1090 2429 expressit:
1134 2367 1256 2430 μετὰ
1291 2374 1447 2415 ταῦτα
1483 2367 1609 2430 πρὸς
1644 2366 1736 2429 τὴν
1820 2397 1825 2400 -

177 2449 360 2511 τέχνην
408 2452 461 2497 τί
502 2449 565 2511 δὴ
613 2447 852 2510 λέγουσιν
900 2447 1010 2496 ἄλλ’
1056 2449 1086 2511 ἣ
1135 2450 1452 2511 ,,φιλόσοφος
1499 2446 1626 2511 ἀνὴρ
1676 2447 1737 2495 οὐ

291 2623 329 2674 1)
360 2622 411 2662 cf.
442 2621 660 2663 Hausrath
690 2622 718 2663 1.
743 2622 769 2662 1.
801 2635 842 2673 p.
869 2626 960 2663 217.
