1880 3021
205 280 358 337 canda
398 295 651 332 censemus
694 294 750 326 ea
786 274 922 343 (VI),
963 293 1172 341 quorum
1207 276 1470 341 perspicua
1507 281 1582 326 est
1617 276 1762 326 vitio-

206 368 340 430 sitas,
374 366 424 412 et
452 362 505 411 in
533 357 925 424 perstringendis
955 357 1164 423 singulis
1191 357 1442 422 nonnulla,
1473 375 1598 422 quae
1626 375 1758 407 nunc

207 445 479 505 omisimus,
515 441 794 488 afferentur.

340 524 418 574 Ex
453 521 813 585 Epicureorum
849 519 1058 583 denique
1092 513 1296 569 numero
1326 520 1757 570 vehementissime

207 624 290 656 eos
330 605 579 667 vituperat
614 600 952 663 Philodemus,
996 600 1273 664 quicunque
1314 601 1612 665 sophisticae
1649 601 1756 649 rhe-

206 686 387 737 toricae
428 683 580 733 ullam
624 698 729 730 esse
772 683 928 729 artem
970 685 1275 746 negaverunt
1317 685 1367 730 et
1402 682 1455 730 in
1489 682 1616 730 hanc
1652 699 1756 731 sen-

204 766 411 816 tentiam
445 764 602 812 libros
639 766 1034 826 composuerunt.
1092 761 1274 820 Quodsi
1309 763 1435 812 hanc
1464 766 1621 812 artem
1650 780 1755 812 esse

207 848 472 911 Epicurus,
514 843 847 907 Metrodorus,
888 842 1222 892 Hermarchus
1267 843 1653 907 declaraverunt,
1699 849 1756 893 ut

207 924 635 987 demonstrabitur,
665 923 750 987 qui
779 926 951 972 contra
977 924 1069 972 hos
1092 940 1153 971 ex
1172 923 1530 986 Epicureorum
1550 941 1755 973 numero

205 1008 447 1070 scribunt,
483 1021 639 1069 paene
675 1021 767 1068 pro
804 1004 1062 1068 parricidis
1098 1003 1313 1052 habendi
1348 1004 1588 1053 videntur.
1625 1033 1683 1041 —

304 1087 455 1137 Vides
489 1085 834 1135 Philodemum
875 1085 973 1150 his,
1016 1082 1305 1149 priusquam
1349 1085 1544 1151 singula
1586 1103 1756 1151 aggre-

205 1170 385 1232 diatur,
424 1167 699 1233 generatim
735 1166 899 1230 qualia
933 1166 1054 1215 vitia
1090 1167 1472 1231 impugnaturus
1508 1167 1593 1231 sit,
1630 1184 1757 1216 com-

206 1248 504 1313 prehendere
548 1251 598 1296 et
640 1251 877 1311 tanquam
917 1247 1048 1296 viam
1083 1247 1287 1295 munire.
1358 1247 1467 1296 Hoc
1503 1251 1668 1296 autem
1704 1248 1756 1296 in

205 1328 519 1379 aestimandis
562 1331 612 1377 et
655 1328 977 1378 diiudicandis
1018 1328 1097 1377 his
1139 1328 1476 1377 voluminibus
1511 1329 1756 1392 imprimis

203 1411 467 1459 tenendum
510 1427 615 1459 esse
659 1413 887 1474 apparet,
929 1409 1275 1459 Philodemum
1317 1428 1418 1460 non
1459 1411 1756 1460 rhetoricam

203 1491 288 1539 sed
330 1491 387 1539 de
430 1491 676 1540 rhetorica
718 1491 953 1555 scribere,
994 1508 1095 1540 non
1137 1494 1293 1539 artem
1330 1492 1471 1541 edere
1508 1492 1593 1541 sed
1628 1509 1755 1541 com-

205 1588 384 1635 ponere
421 1572 756 1637 ἀντιγραφήν,
789 1589 890 1621 non
919 1576 1022 1621 tam
1052 1589 1139 1621 sua
1168 1576 1433 1636 praecepta
1462 1573 1576 1621 dare
1606 1591 1756 1637 quam

203 1653 414 1701 refutare
450 1653 620 1702 aliena.
680 1652 749 1702 Cf.
782 1671 819 1702 e.
850 1670 896 1718 g.
927 1671 974 1717 p.
1005 1655 1125 1718 214,
1155 1654 1221 1702 22
1256 1656 1383 1719 πρὸς
1419 1654 1445 1703 ὃ
1482 1653 1566 1703 καὶ
1602 1657 1755 1718 λαλή-

204 1746 356 1797 σομεν
392 1733 473 1784 ἐπὶ
500 1738 619 1794 τοὺς
649 1734 1015 1799 ἑκὸεδομένους
1042 1733 1127 1784 ὑπ’
1156 1735 1323 1785 αὐτῶν
1353 1738 1537 1799 λόγους
1566 1736 1754 1801 ἀναφέ-

203 1831 389 1876 ρσντες.

633 2015 707 2056 De
745 2015 1052 2066 argumento
1088 2012 1210 2055 libri
1244 2013 1311 2056 Π.

303 2112 542 2172 Quoniam
599 2115 975 2179 dispositionem
1025 2115 1173 2164 huius
1221 2115 1339 2164 libri
1390 2131 1544 2179 paene
1594 2118 1753 2164 totam

201 2193 322 2257 ipsis
343 2196 620 2246 Philodemi
641 2197 807 2246 verbis
836 2197 1112 2246 adscribere
1142 2197 1271 2259 licet,
1301 2199 1540 2260 quantum
1569 2197 1619 2244 id
1646 2197 1753 2245 fieri

200 2278 414 2340 poterat,
450 2279 609 2327 facere
644 2296 745 2327 non
781 2278 1015 2327 dubitavi.

696 2427 731 2476 I.
774 2426 1028 2492 Ἑτέρων
1065 2426 1251 2486 δόξαι.

307 2536 348 2583 1.
384 2538 508 2586 κατὰ
544 2535 694 2602 μέρος
729 2539 898 2599 λόγων
934 2538 1150 2599 διακοπὴ

384 2647 424 2678 a.
461 2640 563 2681 τῶν
605 2631 944 2696 ἠρωτημένων
985 2629 1113 2697 ὑπὲρ
1156 2640 1249 2682 τοῦ
1291 2630 1474 2697 τέχνην
1517 2633 1584 2696 μὴ
1621 2628 1753 2680 εἶναι

458 2714 552 2775 τὴν
589 2713 864 2777 ῥητορικήν
901 2712 971 2779 (p.
1004 2715 1224 2776 13—29,
1258 2712 1344 2767 14)
1379 2712 1464 2762 καὶ
