1880 3021
769 67 1108 114 -15-

429 210 504 252 De
539 206 810 250 rhetoricis
846 206 1140 249 Philodami
1176 208 1436 261 operibus.

257 312 362 362 Iam
398 313 662 373 antequam
697 308 790 356 hoc
819 324 1054 373 magnum
1084 309 1142 357 de
1171 309 1416 358 rhetorica
1445 325 1572 372 opus
1602 325 1712 356 con·

158 394 407 455 scriberet,
443 390 703 440 minimum
739 392 853 453 treS,
889 389 974 452 qui
1010 389 1072 437 ad
1105 390 1200 438 hoc
1228 393 1574 455 argumentum
1603 407 1711 453 per—

156 476 389 536 tinerent,
444 472 601 521 libros
648 469 968 519 Philodemus
1018 471 1246 520 ediderat.
1331 471 1556 536 Scriptus
1606 476 1712 520 erat

155 558 283 606 liber
317 553 434 619 περὶ
469 552 660 611 λέξεως.
720 549 789 599 Cf.
820 569 869 614 p.
894 552 1005 616 156,
1038 554 1100 601 10
1116 570 1220 617 sqq.
1257 553 1487 618 καθάπερ
1522 552 1577 602 ἐν
1605 562 1712 611 τοῖς

156 637 270 703 περὶ
286 635 466 695 λέξεως
481 633 795 696 ἀποδίδομεν
811 631 1170 697 ἐξεργαστικῶς
1187 634 1272 700 (sc.
1288 633 1403 700 περὶ
1419 633 1685 699 ἀσαφείας)
1698 649 1709 661 ·

155 719 309 769 ταύτὰ
346 714 402 766 δὲ
437 713 522 765 καὶ
557 721 656 763 νῦν
691 715 1051 777 κεφαλαιωδῶς
1086 714 1461 779 ὑπομνήσομεν.
1517 715 1708 764 Eodem

156 799 402 865 pertinere
432 799 570 861 puto,
607 795 739 859 quod
767 813 816 859 p.
842 797 938 846 160
969 796 1106 845 dicit:
1143 798 1231 855 τὰς
1259 798 1412 855 ἄλλας
1442 798 1707 862 διαφοράς,

161 878 232 931 ὧν
276 883 482 930 ἔκθεσιν
525 877 582 928 ἐν
625 886 731 936 τοῖς
764 876 880 943 περὶ
915 879 1111 928 τούτων
1146 880 1434 943 ποιούμεθα
1470 877 1705 944 λόγοιςμῑ)

155 962 332 1012 Editus
380 963 484 1009 erat
531 958 647 1023 περὶ
691 958 903 1009 ἐπαίνου
947 959 1086 1008 liber.
1160 959 1229 1008 Of.
1277 978 1324 1023 p.
1366 961 1485 1023 219,
1521 961 1587 1009 20
1604 977 1709 1023 sqq.

195 1082 205 1093 .
229 1081 239 1092 .
274 1041 359 1092 καὶ
393 1038 551 1090 πάνθ’
587 1040 732 1103 ὅλως,
768 1041 893 1104 ἅπερ
923 1039 1065 1104 ἡμεῖς
1093 1039 1375 1103 ἀναγκαίαν
1405 1042 1585 1105 ἔχοντα
1614 1043 1710 1105 χώ-

121 1112 123 1114 ¹
159 1143 253 1187 ραν
281 1124 406 1187 πρὸς
433 1123 553 1179 τοὺς
582 1121 925 1185 ὀνησιφόρους
952 1121 1146 1185 ὕμνους
1174 1120 1232 1170 ἐν
1260 1127 1329 1188 τῷ
1358 1120 1474 1185 περὶ
1497 1120 1708 1170 ἐπαίνου

157 1207 289 1271 λόγῳ
327 1200 701 1266 διαστέλλομεν.
770 1201 845 1250 De
882 1201 1021 1250 cuius
1057 1204 1348 1267 argumento
1384 1203 1622 1251 nonnulla
1658 1203 1710 1251 in

156 1283 556 1333 antecedentibus
593 1282 829 1348 disputat,
866 1282 1048 1347 quibus
1083 1282 1225 1331 illum
1257 1283 1484 1332 libellum
1514 1284 1575 1332 ad
1603 1284 1708 1333 rhe-

155 1366 358 1415 toricam
401 1365 698 1428 pertinuisse
742 1368 963 1427 apparet.
1034 1364 1163 1413 Illud
1207 1365 1416 1428 denique
1458 1365 1575 1429 περὶ
1618 1367 1707 1429 ρη-

156 1453 356 1511 τορικῆς
377 1445 795 1510 ὑπομνηματικὸν
826 1448 875 1494 et
903 1462 1077 1510 reapse
1100 1448 1214 1494 ante
1236 1445 1534 1495 rhetoricam
1557 1446 1706 1510 scrip-

154 1531 259 1575 tum
296 1544 400 1575 esse
438 1530 820 1575 consentaneum
858 1530 933 1574 est
962 1530 1025 1590 et,
1060 1527 1112 1574 ni
1142 1527 1300 1589 fallor,
1336 1544 1383 1589 p.
1408 1528 1487 1590 90,
1517 1528 1583 1575 30
1602 1544 1707 1590 sqq.

153 1607 406 1656 indicatur.
465 1606 619 1666 Quem
654 1607 817 1657 locum
854 1607 1058 1672 cognitu
1089 1607 1433 1673 dignissimum
1462 1607 1532 1656 sic
1561 1608 1707 1656 inter-

153 1692 338 1750 pretor:
375 1688 680 1737 adversarius
715 1688 879 1736 nescio
917 1688 1027 1752 quis
1057 1688 1243 1738 multis:
1257 1689 1507 1752 capitibus
1537 1692 1708 1736 contra

151 1768 494 1817 Philodemum
537 1769 808 1833 disputavit
849 1769 1117 1833 respiciens
1162 1787 1237 1833 ea,
1284 1787 1408 1833 quae
1451 1770 1535 1818 ille
1580 1787 1706 1819 com-

153 1850 404 1899 mentariis
434 1850 486 1899 in
508 1868 651 1899 suum
673 1868 729 1900 ac
752 1851 1106 1915 discipulorum
1129 1851 1297 1915 potius
1321 1869 1468 1915 quam
1490 1851 1706 1900 alienum

152 1947 294 1980 usum
324 1932 612 1996 compositis
642 1937 950 1997 exposuerat.
1002 1933 1136 1982 Haec
1165 1937 1341 1998 utpote
1371 1933 1561 1998 publici
1584 1934 1705 1982 iuris

151 2028 250 2061 non
284 2013 414 2062 facta
450 2015 524 2063 fas
559 2031 660 2063 non
695 2015 846 2064 fuisse
885 2015 1003 2064 dicit
1039 2016 1102 2064 ab
1135 2033 1191 2064 eo
1221 2015 1515 2080 impugnari.
1575 2015 1705 2073 Quot

153 2096 317 2142 autem
353 2094 510 2144 libros
546 2095 631 2144 illa
665 2095 1053 2161 ὑπομνηματικὰ
1090 2096 1435 2160 continuerint,
1471 2096 1584 2145 sciri
1620 2097 1704 2145 vix

151 2177 337 2239 potest3
373 2177 651 2240 complures
686 2177 837 2226 fuisse
874 2178 977 2226 veri
1015 2179 1173 2226 simile
1211 2182 1298 2226 est.
1364 2177 1517 2226 Credo
1555 2178 1705 2226 etiam

151 2271 396 2319 papyrum
426 2259 525 2309 832
548 2283 612 2299 =
634 2258 749 2309 VII2
778 2259 860 2308 fol.
884 2260 1084 2309 44—67
1116 2259 1233 2308 iHuc
1261 2259 1555 2308 reiciendam
1586 2277 1705 2323 esse,

152 2334 209 2383 de
246 2354 342 2401 qua
377 2339 429 2388 in
464 2343 600 2389 tomo
638 2341 850 2390 secundo
888 2341 1090 2406 dicetur,
1128 2341 1212 2405 qui
1249 2340 1371 2390 illud
1406 2341 1704 2405 ὑπομνημα-

149 2419 307 2481 τικόν,
343 2438 590 2485 papyrum
628 2424 741 2486 832,
776 2424 1052 2487 fragmenta
1088 2422 1375 2470 continebit.

263 2567 301 2617 1)
331 2565 394 2607 De
424 2568 668 2611 elocutione
699 2582 743 2610 se
773 2572 968 2612 acturum
996 2582 1135 2622 porro,
1167 2568 1204 2609 si
1227 2569 1364 2611 otium
1386 2568 1528 2622 fuerit,
1558 2583 1599 2621 p.
1625 2574 1703 2610 325

147 2631 366 2679 promittit
392 2634 438 2676 in
466 2636 549 2678 fine
578 2636 696 2679 illius
726 2636 840 2679 libri.
